{"e":"bookTicker","u":5605452282238,"s":"BTCUSDT","b":"67092.70","B":"21.707","a":"67092.80","A":"1.162","T":1729934164089,"E":1729934164089}
{"e":"bookTicker","u":5605452282408,"s":"BTCUSDT","b":"67092.70","B":"21.707","a":"67092.80","A":"1.175","T":1729934164093,"E":1729934164093}
{"e":"bookTicker","u":5605452289587,"s":"BTCUSDT","b":"67092.70","B":"21.707","a":"67092.80","A":"1.160","T":1729934164194,"E":1729934164194}
{"e":"bookTicker","u":5605452289853,"s":"BTCUSDT","b":"67092.70","B":"21.707","a":"67092.80","A":"1.178","T":1729934164197,"E":1729934164197}
{"e":"bookTicker","u":5605452289943,"s":"BTCUSDT","b":"67092.70","B":"21.707","a":"67092.80","A":"1.176","T":1729934164198,"E":1729934164198}
{"e":"bookTicker","u":5605452298129,"s":"BTCUSDT","b":"67092.70","B":"21.620","a":"67092.80","A":"1.176","T":1729934164322,"E":1729934164322}
{"e":"bookTicker","u":5605452298250,"s":"BTCUSDT","b":"67092.70","B":"21.708","a":"67092.80","A":"1.176","T":1729934164325,"E":1729934164325}
{"e":"bookTicker","u":5605452300396,"s":"BTCUSDT","b":"67092.70","B":"21.705","a":"67092.80","A":"1.176","T":1729934164373,"E":1729934164373}
{"e":"bookTicker","u":5605452300813,"s":"BTCUSDT","b":"67092.70","B":"21.707","a":"67092.80","A":"1.176","T":1729934164377,"E":1729934164377}
{"e":"bookTicker","u":5605452302814,"s":"BTCUSDT","b":"67092.70","B":"21.701","a":"67092.80","A":"1.176","T":1729934164387,"E":1729934164387}
{"e":"bookTicker","u":5605452303337,"s":"BTCUSDT","b":"67092.70","B":"21.706","a":"67092.80","A":"1.176","T":1729934164391,"E":1729934164391}
{"e":"bookTicker","u":5605452304071,"s":"BTCUSDT","b":"67092.70","B":"21.706","a":"67092.80","A":"1.173","T":1729934164398,"E":1729934164398}
{"e":"bookTicker","u":5605452312131,"s":"BTCUSDT","b":"67092.70","B":"21.687","a":"67092.80","A":"1.173","T":1729934164483,"E":1729934164483}
{"e":"bookTicker","u":5605452315274,"s":"BTCUSDT","b":"67092.70","B":"21.687","a":"67092.80","A":"1.123","T":1729934164510,"E":1729934164510}
{"e":"bookTicker","u":5605452315339,"s":"BTCUSDT","b":"67092.70","B":"21.720","a":"67092.80","A":"1.123","T":1729934164510,"E":1729934164511}
{"e":"bookTicker","u":5605452318539,"s":"BTCUSDT","b":"67092.70","B":"21.727","a":"67092.80","A":"1.123","T":1729934164546,"E":1729934164546}
{"e":"bookTicker","u":5605452320071,"s":"BTCUSDT","b":"67092.70","B":"21.482","a":"67092.80","A":"1.123","T":1729934164567,"E":1729934164567}
{"e":"bookTicker","u":5605452320380,"s":"BTCUSDT","b":"67092.70","B":"21.725","a":"67092.80","A":"1.123","T":1729934164571,"E":1729934164571}
{"e":"bookTicker","u":5605452321430,"s":"BTCUSDT","b":"67092.70","B":"21.746","a":"67092.80","A":"1.123","T":1729934164585,"E":1729934164585}
{"e":"bookTicker","u":5605452325075,"s":"BTCUSDT","b":"67092.70","B":"21.740","a":"67092.80","A":"1.123","T":1729934164631,"E":1729934164632}
{"e":"bookTicker","u":5605452325641,"s":"BTCUSDT","b":"67092.70","B":"21.746","a":"67092.80","A":"1.123","T":1729934164642,"E":1729934164642}
{"e":"bookTicker","u":5605452327983,"s":"BTCUSDT","b":"67092.70","B":"21.746","a":"67092.80","A":"1.128","T":1729934164662,"E":1729934164662}
{"e":"bookTicker","u":5605452328327,"s":"BTCUSDT","b":"67092.70","B":"21.746","a":"67092.80","A":"1.123","T":1729934164664,"E":1729934164664}
{"e":"bookTicker","u":5605452334764,"s":"BTCUSDT","b":"67092.70","B":"21.746","a":"67092.80","A":"1.115","T":1729934164776,"E":1729934164776}
{"e":"bookTicker","u":5605452343543,"s":"BTCUSDT","b":"67092.70","B":"21.746","a":"67092.80","A":"1.114","T":1729934165015,"E":1729934165015}
{"e":"bookTicker","u":5605452343552,"s":"BTCUSDT","b":"67092.70","B":"21.746","a":"67092.80","A":"1.113","T":1729934165015,"E":1729934165015}
{"e":"bookTicker","u":5605452346593,"s":"BTCUSDT","b":"67092.70","B":"21.503","a":"67092.80","A":"1.113","T":1729934165081,"E":1729934165081}
{"e":"bookTicker","u":5605452346681,"s":"BTCUSDT","b":"67092.70","B":"21.499","a":"67092.80","A":"1.113","T":1729934165083,"E":1729934165083}
{"e":"bookTicker","u":5605452346772,"s":"BTCUSDT","b":"67092.70","B":"21.728","a":"67092.80","A":"1.113","T":1729934165085,"E":1729934165085}
{"e":"bookTicker","u":5605452347114,"s":"BTCUSDT","b":"67092.70","B":"21.634","a":"67092.80","A":"1.113","T":1729934165093,"E":1729934165093}
{"e":"bookTicker","u":5605452347205,"s":"BTCUSDT","b":"67092.70","B":"21.634","a":"67092.80","A":"1.108","T":1729934165094,"E":1729934165095}
{"e":"bookTicker","u":5605452347292,"s":"BTCUSDT","b":"67092.70","B":"21.729","a":"67092.80","A":"1.108","T":1729934165096,"E":1729934165097}
{"e":"bookTicker","u":5605452347377,"s":"BTCUSDT","b":"67092.70","B":"21.729","a":"67092.80","A":"1.095","T":1729934165098,"E":1729934165098}
{"e":"bookTicker","u":5605452348326,"s":"BTCUSDT","b":"67092.70","B":"21.729","a":"67092.80","A":"1.107","T":1729934165106,"E":1729934165106}
{"e":"bookTicker","u":5605452348488,"s":"BTCUSDT","b":"67092.70","B":"21.729","a":"67092.80","A":"1.105","T":1729934165108,"E":1729934165108}
{"e":"bookTicker","u":5605452348847,"s":"BTCUSDT","b":"67092.70","B":"21.729","a":"67092.80","A":"1.109","T":1729934165112,"E":1729934165112}
{"e":"bookTicker","u":5605452353219,"s":"BTCUSDT","b":"67092.70","B":"21.729","a":"67092.80","A":"1.091","T":1729934165199,"E":1729934165200}
{"e":"bookTicker","u":5605452353342,"s":"BTCUSDT","b":"67092.70","B":"21.729","a":"67092.80","A":"1.110","T":1729934165202,"E":1729934165203}
{"e":"bookTicker","u":5605452355821,"s":"BTCUSDT","b":"67092.70","B":"21.721","a":"67092.80","A":"1.110","T":1729934165259,"E":1729934165259}
{"e":"bookTicker","u":5605452356721,"s":"BTCUSDT","b":"67092.70","B":"21.641","a":"67092.80","A":"1.110","T":1729934165265,"E":1729934165265}
{"e":"bookTicker","u":5605452356865,"s":"BTCUSDT","b":"67092.70","B":"21.721","a":"67092.80","A":"1.110","T":1729934165266,"E":1729934165266}
{"e":"bookTicker","u":5605452357211,"s":"BTCUSDT","b":"67092.70","B":"21.701","a":"67092.80","A":"1.110","T":1729934165268,"E":1729934165268}
{"e":"bookTicker","u":5605452357478,"s":"BTCUSDT","b":"67092.70","B":"21.709","a":"67092.80","A":"1.110","T":1729934165270,"E":1729934165270}
{"e":"bookTicker","u":5605452357629,"s":"BTCUSDT","b":"67092.70","B":"21.729","a":"67092.80","A":"1.110","T":1729934165271,"E":1729934165271}
{"e":"bookTicker","u":5605452359365,"s":"BTCUSDT","b":"67092.70","B":"21.709","a":"67092.80","A":"1.110","T":1729934165287,"E":1729934165287}
{"e":"bookTicker","u":5605452359540,"s":"BTCUSDT","b":"67092.70","B":"21.709","a":"67092.80","A":"1.851","T":1729934165288,"E":1729934165288}
{"e":"bookTicker","u":5605452359922,"s":"BTCUSDT","b":"67092.70","B":"21.405","a":"67092.80","A":"1.851","T":1729934165290,"E":1729934165290}
{"e":"bookTicker","u":5605452359980,"s":"BTCUSDT","b":"67092.70","B":"21.405","a":"67092.80","A":"1.110","T":1729934165290,"E":1729934165290}
{"e":"bookTicker","u":5605452360004,"s":"BTCUSDT","b":"67092.70","B":"21.325","a":"67092.80","A":"1.110","T":1729934165290,"E":1729934165290}
{"e":"bookTicker","u":5605452360691,"s":"BTCUSDT","b":"67092.70","B":"21.405","a":"67092.80","A":"1.110","T":1729934165293,"E":1729934165293}
{"e":"bookTicker","u":5605452360974,"s":"BTCUSDT","b":"67092.70","B":"21.325","a":"67092.80","A":"1.110","T":1729934165295,"E":1729934165295}
{"e":"bookTicker","u":5605452361856,"s":"BTCUSDT","b":"67092.70","B":"21.285","a":"67092.80","A":"1.110","T":1729934165304,"E":1729934165304}
{"e":"bookTicker","u":5605452365108,"s":"BTCUSDT","b":"67092.70","B":"21.282","a":"67092.80","A":"1.110","T":1729934165342,"E":1729934165342}
{"e":"bookTicker","u":5605452365155,"s":"BTCUSDT","b":"67092.70","B":"21.322","a":"67092.80","A":"1.110","T":1729934165342,"E":1729934165342}
{"e":"bookTicker","u":5605452365212,"s":"BTCUSDT","b":"67092.70","B":"21.282","a":"67092.80","A":"1.110","T":1729934165343,"E":1729934165343}
{"e":"bookTicker","u":5605452365281,"s":"BTCUSDT","b":"67092.70","B":"21.285","a":"67092.80","A":"1.110","T":1729934165343,"E":1729934165343}
{"e":"bookTicker","u":5605452367701,"s":"BTCUSDT","b":"67092.70","B":"18.185","a":"67092.80","A":"1.110","T":1729934165365,"E":1729934165366}
{"e":"bookTicker","u":5605452367801,"s":"BTCUSDT","b":"67092.70","B":"17.959","a":"67092.80","A":"1.110","T":1729934165367,"E":1729934165367}
{"e":"bookTicker","u":5605452371307,"s":"BTCUSDT","b":"67092.70","B":"17.959","a":"67092.80","A":"1.851","T":1729934165393,"E":1729934165393}
{"e":"bookTicker","u":5605452371321,"s":"BTCUSDT","b":"67092.70","B":"17.959","a":"67092.80","A":"2.561","T":1729934165393,"E":1729934165393}
{"e":"bookTicker","u":5605452371327,"s":"BTCUSDT","b":"67092.70","B":"17.959","a":"67092.80","A":"2.807","T":1729934165393,"E":1729934165393}
{"e":"bookTicker","u":5605452371333,"s":"BTCUSDT","b":"67092.70","B":"17.959","a":"67092.80","A":"4.367","T":1729934165393,"E":1729934165393}
{"e":"bookTicker","u":5605452371815,"s":"BTCUSDT","b":"67092.70","B":"17.959","a":"67092.80","A":"4.393","T":1729934165395,"E":1729934165396}
{"e":"bookTicker","u":5605452371827,"s":"BTCUSDT","b":"67092.70","B":"17.959","a":"67092.80","A":"4.420","T":1729934165395,"E":1729934165396}
{"e":"bookTicker","u":5605452371839,"s":"BTCUSDT","b":"67092.70","B":"17.959","a":"67092.80","A":"4.445","T":1729934165395,"E":1729934165396}
{"e":"bookTicker","u":5605452371843,"s":"BTCUSDT","b":"67092.70","B":"17.959","a":"67092.80","A":"4.470","T":1729934165395,"E":1729934165396}
{"e":"bookTicker","u":5605452371852,"s":"BTCUSDT","b":"67092.70","B":"17.959","a":"67092.80","A":"4.496","T":1729934165396,"E":1729934165396}
{"e":"bookTicker","u":5605452372017,"s":"BTCUSDT","b":"67092.70","B":"17.959","a":"67092.80","A":"5.033","T":1729934165396,"E":1729934165396}
{"e":"bookTicker","u":5605452372501,"s":"BTCUSDT","b":"67092.70","B":"17.939","a":"67092.80","A":"5.033","T":1729934165398,"E":1729934165398}
{"e":"bookTicker","u":5605452372530,"s":"BTCUSDT","b":"67092.70","B":"17.929","a":"67092.80","A":"5.033","T":1729934165398,"E":1729934165399}
{"e":"bookTicker","u":5605452372835,"s":"BTCUSDT","b":"67092.70","B":"17.926","a":"67092.80","A":"5.033","T":1729934165399,"E":1729934165400}
{"e":"bookTicker","u":5605452372904,"s":"BTCUSDT","b":"67092.70","B":"17.926","a":"67092.80","A":"5.173","T":1729934165400,"E":1729934165400}
{"e":"bookTicker","u":5605452372994,"s":"BTCUSDT","b":"67092.70","B":"17.926","a":"67092.80","A":"5.309","T":1729934165400,"E":1729934165400}
{"e":"bookTicker","u":5605452373226,"s":"BTCUSDT","b":"67092.70","B":"17.926","a":"67092.80","A":"5.312","T":1729934165401,"E":1729934165401}
{"e":"bookTicker","u":5605452373443,"s":"BTCUSDT","b":"67092.70","B":"17.946","a":"67092.80","A":"5.312","T":1729934165401,"E":1729934165402}
{"e":"bookTicker","u":5605452373492,"s":"BTCUSDT","b":"67092.70","B":"17.956","a":"67092.80","A":"5.312","T":1729934165402,"E":1729934165402}
{"e":"bookTicker","u":5605452373613,"s":"BTCUSDT","b":"67092.70","B":"17.936","a":"67092.80","A":"5.312","T":1729934165402,"E":1729934165402}
{"e":"bookTicker","u":5605452373622,"s":"BTCUSDT","b":"67092.70","B":"17.926","a":"67092.80","A":"5.312","T":1729934165402,"E":1729934165402}
{"e":"bookTicker","u":5605452373903,"s":"BTCUSDT","b":"67092.70","B":"17.946","a":"67092.80","A":"5.312","T":1729934165403,"E":1729934165403}
{"e":"bookTicker","u":5605452373946,"s":"BTCUSDT","b":"67092.70","B":"17.956","a":"67092.80","A":"5.312","T":1729934165403,"E":1729934165404}
{"e":"bookTicker","u":5605452374347,"s":"BTCUSDT","b":"67092.70","B":"17.956","a":"67092.80","A":"5.309","T":1729934165405,"E":1729934165405}
{"e":"bookTicker","u":5605452375430,"s":"BTCUSDT","b":"67092.70","B":"17.951","a":"67092.80","A":"5.309","T":1729934165412,"E":1729934165412}
{"e":"bookTicker","u":5605452376350,"s":"BTCUSDT","b":"67092.70","B":"17.955","a":"67092.80","A":"5.309","T":1729934165420,"E":1729934165420}
{"e":"bookTicker","u":5605452382658,"s":"BTCUSDT","b":"67092.70","B":"17.955","a":"67092.80","A":"5.312","T":1729934165476,"E":1729934165477}
{"e":"bookTicker","u":5605452386807,"s":"BTCUSDT","b":"67092.70","B":"17.865","a":"67092.80","A":"5.312","T":1729934165503,"E":1729934165503}
{"e":"bookTicker","u":5605452386864,"s":"BTCUSDT","b":"67092.70","B":"17.865","a":"67092.80","A":"5.309","T":1729934165504,"E":1729934165504}
{"e":"bookTicker","u":5605452387368,"s":"BTCUSDT","b":"67092.70","B":"17.950","a":"67092.80","A":"5.309","T":1729934165507,"E":1729934165507}
{"e":"bookTicker","u":5605452387522,"s":"BTCUSDT","b":"67092.70","B":"17.950","a":"67092.80","A":"5.314","T":1729934165509,"E":1729934165509}
{"e":"bookTicker","u":5605452388262,"s":"BTCUSDT","b":"67092.70","B":"17.950","a":"67092.80","A":"4.604","T":1729934165516,"E":1729934165517}
{"e":"bookTicker","u":5605452388447,"s":"BTCUSDT","b":"67092.70","B":"17.950","a":"67092.80","A":"4.067","T":1729934165519,"E":1729934165519}
{"e":"bookTicker","u":5605452388612,"s":"BTCUSDT","b":"67092.70","B":"17.950","a":"67092.80","A":"3.326","T":1729934165521,"E":1729934165521}
{"e":"bookTicker","u":5605452388708,"s":"BTCUSDT","b":"67092.70","B":"17.950","a":"67092.80","A":"3.301","T":1729934165523,"E":1729934165523}
{"e":"bookTicker","u":5605452388710,"s":"BTCUSDT","b":"67092.70","B":"17.950","a":"67092.80","A":"3.276","T":1729934165523,"E":1729934165523}
{"e":"bookTicker","u":5605452388714,"s":"BTCUSDT","b":"67092.70","B":"17.950","a":"67092.80","A":"3.250","T":1729934165523,"E":1729934165523}
{"e":"bookTicker","u":5605452388717,"s":"BTCUSDT","b":"67092.70","B":"17.950","a":"67092.80","A":"3.224","T":1729934165523,"E":1729934165523}
{"e":"bookTicker","u":5605452388720,"s":"BTCUSDT","b":"67092.70","B":"17.950","a":"67092.80","A":"3.197","T":1729934165523,"E":1729934165523}
{"e":"bookTicker","u":5605452389312,"s":"BTCUSDT","b":"67092.70","B":"17.950","a":"67092.80","A":"3.938","T":1729934165529,"E":1729934165529}
{"e":"bookTicker","u":5605452389478,"s":"BTCUSDT","b":"67092.70","B":"17.953","a":"67092.80","A":"3.938","T":1729934165530,"E":1729934165531}
{"e":"bookTicker","u":5605452389546,"s":"BTCUSDT","b":"67092.70","B":"17.953","a":"67092.80","A":"3.197","T":1729934165531,"E":1729934165531}
{"e":"bookTicker","u":5605452389778,"s":"BTCUSDT","b":"67092.70","B":"17.953","a":"67092.80","A":"3.938","T":1729934165533,"E":1729934165533}
{"e":"bookTicker","u":5605452389797,"s":"BTCUSDT","b":"67092.70","B":"17.953","a":"67092.80","A":"3.197","T":1729934165533,"E":1729934165534}
{"e":"bookTicker","u":5605452389804,"s":"BTCUSDT","b":"67092.70","B":"17.953","a":"67092.80","A":"2.951","T":1729934165533,"E":1729934165534}
{"e":"bookTicker","u":5605452389960,"s":"BTCUSDT","b":"67092.70","B":"17.950","a":"67092.80","A":"2.951","T":1729934165535,"E":1729934165535}
{"e":"bookTicker","u":5605452390010,"s":"BTCUSDT","b":"67092.70","B":"17.950","a":"67092.80","A":"3.197","T":1729934165536,"E":1729934165536}
{"e":"bookTicker","u":5605452390043,"s":"BTCUSDT","b":"67092.70","B":"17.950","a":"67092.80","A":"2.951","T":1729934165536,"E":1729934165536}
{"e":"bookTicker","u":5605452390075,"s":"BTCUSDT","b":"67092.70","B":"17.990","a":"67092.80","A":"2.951","T":1729934165536,"E":1729934165537}
{"e":"bookTicker","u":5605452390200,"s":"BTCUSDT","b":"67092.70","B":"17.990","a":"67092.80","A":"1.391","T":1729934165538,"E":1729934165538}
{"e":"bookTicker","u":5605452390607,"s":"BTCUSDT","b":"67092.70","B":"17.993","a":"67092.80","A":"1.391","T":1729934165543,"E":1729934165543}
{"e":"bookTicker","u":5605452391205,"s":"BTCUSDT","b":"67092.70","B":"17.953","a":"67092.80","A":"1.391","T":1729934165549,"E":1729934165549}
{"e":"bookTicker","u":5605452401285,"s":"BTCUSDT","b":"67092.70","B":"18.257","a":"67092.80","A":"1.391","T":1729934165715,"E":1729934165716}
{"e":"bookTicker","u":5605452409304,"s":"BTCUSDT","b":"67092.70","B":"21.157","a":"67092.80","A":"1.391","T":1729934165824,"E":1729934165824}
{"e":"bookTicker","u":5605452410383,"s":"BTCUSDT","b":"67092.70","B":"21.157","a":"67092.80","A":"1.389","T":1729934165849,"E":1729934165850}
{"e":"bookTicker","u":5605452410387,"s":"BTCUSDT","b":"67092.70","B":"21.157","a":"67092.80","A":"1.391","T":1729934165849,"E":1729934165850}
{"e":"bookTicker","u":5605452411785,"s":"BTCUSDT","b":"67092.70","B":"21.197","a":"67092.80","A":"1.391","T":1729934165867,"E":1729934165867}
{"e":"bookTicker","u":5605452411827,"s":"BTCUSDT","b":"67092.70","B":"21.277","a":"67092.80","A":"1.391","T":1729934165867,"E":1729934165868}
{"e":"bookTicker","u":5605452415384,"s":"BTCUSDT","b":"67092.70","B":"21.275","a":"67092.80","A":"1.391","T":1729934165928,"E":1729934165928}
{"e":"bookTicker","u":5605452416164,"s":"BTCUSDT","b":"67092.70","B":"21.275","a":"67092.80","A":"1.389","T":1729934165946,"E":1729934165946}
{"e":"bookTicker","u":5605452417035,"s":"BTCUSDT","b":"67092.70","B":"21.223","a":"67092.80","A":"1.389","T":1729934165960,"E":1729934165960}
{"e":"bookTicker","u":5605452417304,"s":"BTCUSDT","b":"67092.70","B":"21.276","a":"67092.80","A":"1.389","T":1729934165964,"E":1729934165964}
{"e":"bookTicker","u":5605452421578,"s":"BTCUSDT","b":"67092.70","B":"21.280","a":"67092.80","A":"1.389","T":1729934166039,"E":1729934166039}
{"e":"bookTicker","u":5605452422311,"s":"BTCUSDT","b":"67092.70","B":"21.280","a":"67092.80","A":"1.387","T":1729934166060,"E":1729934166060}
{"e":"bookTicker","u":5605452424755,"s":"BTCUSDT","b":"67092.70","B":"21.185","a":"67092.80","A":"1.387","T":1729934166108,"E":1729934166108}
{"e":"bookTicker","u":5605452425013,"s":"BTCUSDT","b":"67092.70","B":"21.284","a":"67092.80","A":"1.387","T":1729934166114,"E":1729934166114}
{"e":"bookTicker","u":5605452437767,"s":"BTCUSDT","b":"67092.70","B":"21.282","a":"67092.80","A":"1.387","T":1729934166384,"E":1729934166384}
{"e":"bookTicker","u":5605452437914,"s":"BTCUSDT","b":"67092.70","B":"21.310","a":"67092.80","A":"1.387","T":1729934166387,"E":1729934166387}
{"e":"bookTicker","u":5605452439497,"s":"BTCUSDT","b":"67092.70","B":"21.306","a":"67092.80","A":"1.387","T":1729934166424,"E":1729934166424}
{"e":"bookTicker","u":5605452439620,"s":"BTCUSDT","b":"67092.70","B":"21.316","a":"67092.80","A":"1.387","T":1729934166427,"E":1729934166427}
{"e":"bookTicker","u":5605452439794,"s":"BTCUSDT","b":"67092.70","B":"21.291","a":"67092.80","A":"1.387","T":1729934166430,"E":1729934166430}
{"e":"bookTicker","u":5605452439988,"s":"BTCUSDT","b":"67092.70","B":"21.315","a":"67092.80","A":"1.387","T":1729934166433,"E":1729934166433}
{"e":"bookTicker","u":5605452440748,"s":"BTCUSDT","b":"67092.70","B":"21.182","a":"67092.80","A":"1.387","T":1729934166448,"E":1729934166449}
{"e":"bookTicker","u":5605452441547,"s":"BTCUSDT","b":"67092.70","B":"21.316","a":"67092.80","A":"1.387","T":1729934166468,"E":1729934166468}
{"e":"bookTicker","u":5605452445535,"s":"BTCUSDT","b":"67092.70","B":"21.316","a":"67092.80","A":"1.381","T":1729934166553,"E":1729934166553}
{"e":"bookTicker","u":5605452449693,"s":"BTCUSDT","b":"67092.70","B":"21.310","a":"67092.80","A":"1.381","T":1729934166649,"E":1729934166649}
{"e":"bookTicker","u":5605452449871,"s":"BTCUSDT","b":"67092.70","B":"21.307","a":"67092.80","A":"1.381","T":1729934166652,"E":1729934166652}
{"e":"bookTicker","u":5605452449876,"s":"BTCUSDT","b":"67092.70","B":"21.304","a":"67092.80","A":"1.381","T":1729934166652,"E":1729934166652}
{"e":"bookTicker","u":5605452449881,"s":"BTCUSDT","b":"67092.70","B":"21.301","a":"67092.80","A":"1.381","T":1729934166652,"E":1729934166652}
{"e":"bookTicker","u":5605452449886,"s":"BTCUSDT","b":"67092.70","B":"21.298","a":"67092.80","A":"1.381","T":1729934166652,"E":1729934166652}
{"e":"bookTicker","u":5605452450461,"s":"BTCUSDT","b":"67092.70","B":"21.304","a":"67092.80","A":"1.381","T":1729934166659,"E":1729934166660}
{"e":"bookTicker","u":5605452468739,"s":"BTCUSDT","b":"67092.70","B":"21.075","a":"67092.80","A":"1.381","T":1729934167089,"E":1729934167089}
{"e":"bookTicker","u":5605452469014,"s":"BTCUSDT","b":"67092.70","B":"21.303","a":"67092.80","A":"1.381","T":1729934167095,"E":1729934167095}
{"e":"bookTicker","u":5605452469817,"s":"BTCUSDT","b":"67092.70","B":"21.303","a":"67092.80","A":"1.369","T":1729934167112,"E":1729934167113}
{"e":"bookTicker","u":5605452469983,"s":"BTCUSDT","b":"67092.70","B":"21.303","a":"67092.80","A":"1.452","T":1729934167116,"E":1729934167116}
{"e":"bookTicker","u":5605452470423,"s":"BTCUSDT","b":"67092.70","B":"21.204","a":"67092.80","A":"1.452","T":1729934167124,"E":1729934167124}
{"e":"bookTicker","u":5605452470665,"s":"BTCUSDT","b":"67092.70","B":"21.304","a":"67092.80","A":"1.452","T":1729934167127,"E":1729934167127}
{"e":"bookTicker","u":5605452473378,"s":"BTCUSDT","b":"67092.70","B":"21.304","a":"67092.80","A":"1.433","T":1729934167207,"E":1729934167207}
{"e":"bookTicker","u":5605452473530,"s":"BTCUSDT","b":"67092.70","B":"21.304","a":"67092.80","A":"1.454","T":1729934167210,"E":1729934167210}
{"e":"bookTicker","u":5605452476189,"s":"BTCUSDT","b":"67092.70","B":"21.304","a":"67092.80","A":"2.195","T":1729934167264,"E":1729934167264}
{"e":"bookTicker","u":5605452476299,"s":"BTCUSDT","b":"67092.70","B":"21.304","a":"67092.80","A":"3.755","T":1729934167264,"E":1729934167265}
{"e":"bookTicker","u":5605452476900,"s":"BTCUSDT","b":"67092.70","B":"21.000","a":"67092.80","A":"3.755","T":1729934167266,"E":1729934167266}
{"e":"bookTicker","u":5605452477050,"s":"BTCUSDT","b":"67092.70","B":"21.000","a":"67092.80","A":"2.195","T":1729934167266,"E":1729934167266}
{"e":"bookTicker","u":5605452477335,"s":"BTCUSDT","b":"67092.70","B":"21.000","a":"67092.80","A":"1.454","T":1729934167267,"E":1729934167267}
{"e":"bookTicker","u":5605452478389,"s":"BTCUSDT","b":"67092.70","B":"20.920","a":"67092.80","A":"1.454","T":1729934167269,"E":1729934167269}
{"e":"bookTicker","u":5605452478421,"s":"BTCUSDT","b":"67092.70","B":"20.880","a":"67092.80","A":"1.454","T":1729934167269,"E":1729934167269}
{"e":"bookTicker","u":5605452478773,"s":"BTCUSDT","b":"67092.70","B":"20.876","a":"67092.80","A":"1.454","T":1729934167270,"E":1729934167270}
{"e":"bookTicker","u":5605452479025,"s":"BTCUSDT","b":"67092.70","B":"20.956","a":"67092.80","A":"1.454","T":1729934167271,"E":1729934167271}
{"e":"bookTicker","u":5605452479057,"s":"BTCUSDT","b":"67092.70","B":"21.036","a":"67092.80","A":"1.454","T":1729934167271,"E":1729934167271}
{"e":"bookTicker","u":5605452479613,"s":"BTCUSDT","b":"67092.70","B":"20.956","a":"67092.80","A":"1.454","T":1729934167272,"E":1729934167272}
{"e":"bookTicker","u":5605452479680,"s":"BTCUSDT","b":"67092.70","B":"20.876","a":"67092.80","A":"1.454","T":1729934167272,"E":1729934167273}
{"e":"bookTicker","u":5605452480145,"s":"BTCUSDT","b":"67092.70","B":"20.856","a":"67092.80","A":"1.454","T":1729934167274,"E":1729934167274}
{"e":"bookTicker","u":5605452480608,"s":"BTCUSDT","b":"67092.70","B":"20.936","a":"67092.80","A":"1.454","T":1729934167276,"E":1729934167277}
{"e":"bookTicker","u":5605452480622,"s":"BTCUSDT","b":"67092.70","B":"20.976","a":"67092.80","A":"1.454","T":1729934167276,"E":1729934167277}
{"e":"bookTicker","u":5605452480634,"s":"BTCUSDT","b":"67092.70","B":"21.056","a":"67092.80","A":"1.454","T":1729934167277,"E":1729934167277}
{"e":"bookTicker","u":5605452485261,"s":"BTCUSDT","b":"67092.70","B":"21.016","a":"67092.80","A":"1.454","T":1729934167301,"E":1729934167301}
{"e":"bookTicker","u":5605452485262,"s":"BTCUSDT","b":"67092.70","B":"20.936","a":"67092.80","A":"1.454","T":1729934167301,"E":1729934167301}
{"e":"bookTicker","u":5605452485271,"s":"BTCUSDT","b":"67092.70","B":"20.856","a":"67092.80","A":"1.454","T":1729934167301,"E":1729934167301}
{"e":"bookTicker","u":5605452485380,"s":"BTCUSDT","b":"67092.70","B":"20.876","a":"67092.80","A":"1.454","T":1729934167302,"E":1729934167303}
{"e":"bookTicker","u":5605452487561,"s":"BTCUSDT","b":"67092.70","B":"20.876","a":"67092.80","A":"1.449","T":1729934167328,"E":1729934167328}
{"e":"bookTicker","u":5605452492239,"s":"BTCUSDT","b":"67092.70","B":"20.848","a":"67092.80","A":"1.449","T":1729934167393,"E":1729934167393}
{"e":"bookTicker","u":5605452492394,"s":"BTCUSDT","b":"67092.70","B":"20.874","a":"67092.80","A":"1.449","T":1729934167397,"E":1729934167397}
{"e":"bookTicker","u":5605452494215,"s":"BTCUSDT","b":"67092.70","B":"20.872","a":"67092.80","A":"1.449","T":1729934167425,"E":1729934167425}
{"e":"bookTicker","u":5605452494216,"s":"BTCUSDT","b":"67092.70","B":"20.872","a":"67092.80","A":"1.447","T":1729934167425,"E":1729934167425}
{"e":"bookTicker","u":5605452494741,"s":"BTCUSDT","b":"67092.70","B":"20.912","a":"67092.80","A":"1.447","T":1729934167431,"E":1729934167431}
{"e":"bookTicker","u":5605452494760,"s":"BTCUSDT","b":"67092.70","B":"20.912","a":"67092.80","A":"1.452","T":1729934167431,"E":1729934167432}
{"e":"bookTicker","u":5605452494774,"s":"BTCUSDT","b":"67092.70","B":"20.872","a":"67092.80","A":"1.452","T":1729934167432,"E":1729934167432}
{"e":"bookTicker","u":5605452494849,"s":"BTCUSDT","b":"67092.70","B":"21.098","a":"67092.80","A":"1.452","T":1729934167433,"E":1729934167433}
{"e":"bookTicker","u":5605452495103,"s":"BTCUSDT","b":"67092.70","B":"21.098","a":"67092.80","A":"1.447","T":1729934167436,"E":1729934167436}
{"e":"bookTicker","u":5605452495221,"s":"BTCUSDT","b":"67092.70","B":"21.094","a":"67092.80","A":"1.447","T":1729934167438,"E":1729934167439}
{"e":"bookTicker","u":5605452495278,"s":"BTCUSDT","b":"67092.70","B":"21.084","a":"67092.80","A":"1.447","T":1729934167439,"E":1729934167439}
{"e":"bookTicker","u":5605452495315,"s":"BTCUSDT","b":"67092.70","B":"21.060","a":"67092.80","A":"1.447","T":1729934167440,"E":1729934167440}
{"e":"bookTicker","u":5605452495581,"s":"BTCUSDT","b":"67092.70","B":"21.060","a":"67092.80","A":"1.497","T":1729934167444,"E":1729934167444}
{"e":"bookTicker","u":5605452495589,"s":"BTCUSDT","b":"67092.70","B":"21.065","a":"67092.80","A":"1.497","T":1729934167444,"E":1729934167444}
{"e":"bookTicker","u":5605452495699,"s":"BTCUSDT","b":"67092.70","B":"21.088","a":"67092.80","A":"1.497","T":1729934167445,"E":1729934167445}
{"e":"bookTicker","u":5605452495709,"s":"BTCUSDT","b":"67092.70","B":"20.862","a":"67092.80","A":"1.497","T":1729934167445,"E":1729934167445}
{"e":"bookTicker","u":5605452498897,"s":"BTCUSDT","b":"67092.70","B":"20.858","a":"67092.80","A":"1.497","T":1729934167503,"E":1729934167503}
{"e":"bookTicker","u":5605452499084,"s":"BTCUSDT","b":"67092.70","B":"20.889","a":"67092.80","A":"1.497","T":1729934167506,"E":1729934167506}
{"e":"bookTicker","u":5605452499166,"s":"BTCUSDT","b":"67092.70","B":"20.755","a":"67092.80","A":"1.497","T":1729934167507,"E":1729934167507}
{"e":"bookTicker","u":5605452499766,"s":"BTCUSDT","b":"67092.70","B":"20.810","a":"67092.80","A":"1.497","T":1729934167516,"E":1729934167516}
{"e":"bookTicker","u":5605452500092,"s":"BTCUSDT","b":"67092.70","B":"20.946","a":"67092.80","A":"1.497","T":1729934167520,"E":1729934167520}
{"e":"bookTicker","u":5605452502463,"s":"BTCUSDT","b":"67092.70","B":"21.250","a":"67092.80","A":"1.497","T":1729934167565,"E":1729934167565}
{"e":"bookTicker","u":5605452506216,"s":"BTCUSDT","b":"67092.70","B":"21.250","a":"67092.80","A":"1.502","T":1729934167638,"E":1729934167639}
{"e":"bookTicker","u":5605452506924,"s":"BTCUSDT","b":"67092.70","B":"21.252","a":"67092.80","A":"1.502","T":1729934167658,"E":1729934167658}
{"e":"bookTicker","u":5605452513342,"s":"BTCUSDT","b":"67092.70","B":"21.252","a":"67092.80","A":"1.504","T":1729934167854,"E":1729934167854}
{"e":"bookTicker","u":5605452513343,"s":"BTCUSDT","b":"67092.70","B":"21.252","a":"67092.80","A":"1.502","T":1729934167854,"E":1729934167854}
{"e":"bookTicker","u":5605452518447,"s":"BTCUSDT","b":"67092.70","B":"20.948","a":"67092.80","A":"1.502","T":1729934167933,"E":1729934167934}
{"e":"bookTicker","u":5605452519139,"s":"BTCUSDT","b":"67092.70","B":"20.950","a":"67092.80","A":"1.502","T":1729934167936,"E":1729934167937}
{"e":"bookTicker","u":5605452519158,"s":"BTCUSDT","b":"67092.70","B":"20.950","a":"67092.80","A":"1.504","T":1729934167937,"E":1729934167937}
{"e":"bookTicker","u":5605452519190,"s":"BTCUSDT","b":"67092.70","B":"20.950","a":"67092.80","A":"1.499","T":1729934167937,"E":1729934167937}
{"e":"bookTicker","u":5605452523240,"s":"BTCUSDT","b":"67092.70","B":"18.050","a":"67092.80","A":"1.499","T":1729934167999,"E":1729934167999}
{"e":"bookTicker","u":5605452527495,"s":"BTCUSDT","b":"67092.70","B":"18.354","a":"67092.80","A":"1.499","T":1729934168043,"E":1729934168044}
{"e":"bookTicker","u":5605452533625,"s":"BTCUSDT","b":"67092.70","B":"18.126","a":"67092.80","A":"1.499","T":1729934168122,"E":1729934168122}
{"e":"bookTicker","u":5605452534142,"s":"BTCUSDT","b":"67092.70","B":"18.347","a":"67092.80","A":"1.499","T":1729934168135,"E":1729934168135}
{"e":"bookTicker","u":5605452541831,"s":"BTCUSDT","b":"67092.70","B":"18.339","a":"67092.80","A":"1.499","T":1729934168280,"E":1729934168280}
{"e":"bookTicker","u":5605452542628,"s":"BTCUSDT","b":"67092.70","B":"18.339","a":"67092.80","A":"2.240","T":1729934168284,"E":1729934168284}
{"e":"bookTicker","u":5605452542726,"s":"BTCUSDT","b":"67092.70","B":"18.339","a":"67092.80","A":"1.499","T":1729934168284,"E":1729934168284}
{"e":"bookTicker","u":5605452543829,"s":"BTCUSDT","b":"67092.70","B":"18.035","a":"67092.80","A":"1.499","T":1729934168288,"E":1729934168288}
{"e":"bookTicker","u":5605452544349,"s":"BTCUSDT","b":"67092.70","B":"18.043","a":"67092.80","A":"1.499","T":1729934168292,"E":1729934168292}
{"e":"bookTicker","u":5605452547830,"s":"BTCUSDT","b":"67092.70","B":"18.040","a":"67092.80","A":"1.499","T":1729934168333,"E":1729934168333}
{"e":"bookTicker","u":5605452547945,"s":"BTCUSDT","b":"67092.70","B":"17.933","a":"67092.80","A":"1.499","T":1729934168333,"E":1729934168334}
{"e":"bookTicker","u":5605452550551,"s":"BTCUSDT","b":"67092.70","B":"17.933","a":"67092.80","A":"3.069","T":1729934168358,"E":1729934168358}
{"e":"bookTicker","u":5605452550680,"s":"BTCUSDT","b":"67092.70","B":"17.933","a":"67092.80","A":"3.092","T":1729934168360,"E":1729934168360}
{"e":"bookTicker","u":5605452550687,"s":"BTCUSDT","b":"67092.70","B":"17.933","a":"67092.80","A":"3.118","T":1729934168360,"E":1729934168360}
{"e":"bookTicker","u":5605452550690,"s":"BTCUSDT","b":"67092.70","B":"17.933","a":"67092.80","A":"3.141","T":1729934168360,"E":1729934168361}
{"e":"bookTicker","u":5605452550694,"s":"BTCUSDT","b":"67092.70","B":"17.933","a":"67092.80","A":"3.166","T":1729934168360,"E":1729934168361}
{"e":"bookTicker","u":5605452550725,"s":"BTCUSDT","b":"67092.70","B":"17.933","a":"67092.80","A":"3.190","T":1729934168361,"E":1729934168361}
{"e":"bookTicker","u":5605452551650,"s":"BTCUSDT","b":"67092.70","B":"17.933","a":"67092.80","A":"1.620","T":1729934168371,"E":1729934168371}
{"e":"bookTicker","u":5605452554221,"s":"BTCUSDT","b":"67092.70","B":"17.907","a":"67092.80","A":"1.620","T":1729934168400,"E":1729934168400}
{"e":"bookTicker","u":5605452554574,"s":"BTCUSDT","b":"67092.70","B":"17.930","a":"67092.80","A":"1.620","T":1729934168404,"E":1729934168404}
{"e":"bookTicker","u":5605452555111,"s":"BTCUSDT","b":"67092.70","B":"17.930","a":"67092.80","A":"1.596","T":1729934168411,"E":1729934168411}
{"e":"bookTicker","u":5605452555117,"s":"BTCUSDT","b":"67092.70","B":"17.930","a":"67092.80","A":"1.571","T":1729934168411,"E":1729934168411}
{"e":"bookTicker","u":5605452555145,"s":"BTCUSDT","b":"67092.70","B":"17.930","a":"67092.80","A":"1.548","T":1729934168411,"E":1729934168411}
{"e":"bookTicker","u":5605452555150,"s":"BTCUSDT","b":"67092.70","B":"17.930","a":"67092.80","A":"1.525","T":1729934168411,"E":1729934168411}
{"e":"bookTicker","u":5605452555278,"s":"BTCUSDT","b":"67092.70","B":"17.930","a":"67092.80","A":"1.499","T":1729934168413,"E":1729934168413}
{"e":"bookTicker","u":5605452558887,"s":"BTCUSDT","b":"67092.70","B":"17.907","a":"67092.80","A":"1.499","T":1729934168452,"E":1729934168452}
{"e":"bookTicker","u":5605452559086,"s":"BTCUSDT","b":"67092.70","B":"17.931","a":"67092.80","A":"1.499","T":1729934168455,"E":1729934168455}
{"e":"bookTicker","u":5605452561148,"s":"BTCUSDT","b":"67092.70","B":"17.878","a":"67092.80","A":"1.499","T":1729934168479,"E":1729934168479}
{"e":"bookTicker","u":5605452561564,"s":"BTCUSDT","b":"67092.70","B":"17.938","a":"67092.80","A":"1.499","T":1729934168483,"E":1729934168483}
{"e":"bookTicker","u":5605452564124,"s":"BTCUSDT","b":"67092.70","B":"17.917","a":"67092.80","A":"1.499","T":1729934168524,"E":1729934168524}
{"e":"bookTicker","u":5605452571728,"s":"BTCUSDT","b":"67092.70","B":"17.911","a":"67092.80","A":"1.499","T":1729934168666,"E":1729934168666}
{"e":"bookTicker","u":5605452572459,"s":"BTCUSDT","b":"67092.70","B":"17.917","a":"67092.80","A":"1.499","T":1729934168676,"E":1729934168677}
{"e":"bookTicker","u":5605452574357,"s":"BTCUSDT","b":"67092.70","B":"17.832","a":"67092.80","A":"1.499","T":1729934168703,"E":1729934168703}
{"e":"bookTicker","u":5605452574681,"s":"BTCUSDT","b":"67092.70","B":"17.861","a":"67092.80","A":"1.499","T":1729934168707,"E":1729934168707}
{"e":"bookTicker","u":5605452574945,"s":"BTCUSDT","b":"67092.70","B":"17.945","a":"67092.80","A":"1.499","T":1729934168711,"E":1729934168711}
{"e":"bookTicker","u":5605452578212,"s":"BTCUSDT","b":"67092.70","B":"17.926","a":"67092.80","A":"1.499","T":1729934168775,"E":1729934168775}
{"e":"bookTicker","u":5605452579559,"s":"BTCUSDT","b":"67092.70","B":"17.907","a":"67092.80","A":"1.499","T":1729934168797,"E":1729934168797}
{"e":"bookTicker","u":5605452579652,"s":"BTCUSDT","b":"67092.70","B":"17.907","a":"67092.80","A":"1.525","T":1729934168800,"E":1729934168800}
{"e":"bookTicker","u":5605452579658,"s":"BTCUSDT","b":"67092.70","B":"17.907","a":"67092.80","A":"1.552","T":1729934168800,"E":1729934168800}
{"e":"bookTicker","u":5605452579664,"s":"BTCUSDT","b":"67092.70","B":"17.907","a":"67092.80","A":"1.577","T":1729934168800,"E":1729934168800}
{"e":"bookTicker","u":5605452579753,"s":"BTCUSDT","b":"67092.70","B":"17.907","a":"67092.80","A":"1.603","T":1729934168802,"E":1729934168802}
{"e":"bookTicker","u":5605452579755,"s":"BTCUSDT","b":"67092.70","B":"17.907","a":"67092.80","A":"1.626","T":1729934168802,"E":1729934168802}
{"e":"bookTicker","u":5605452589196,"s":"BTCUSDT","b":"67092.70","B":"17.907","a":"67092.80","A":"1.622","T":1729934169031,"E":1729934169031}
{"e":"bookTicker","u":5605452589381,"s":"BTCUSDT","b":"67092.70","B":"17.907","a":"67092.80","A":"1.624","T":1729934169035,"E":1729934169035}
{"e":"bookTicker","u":5605452589938,"s":"BTCUSDT","b":"67092.70","B":"17.907","a":"67092.80","A":"1.598","T":1729934169042,"E":1729934169042}
{"e":"bookTicker","u":5605452589958,"s":"BTCUSDT","b":"67092.70","B":"17.907","a":"67092.80","A":"1.575","T":1729934169043,"E":1729934169043}
{"e":"bookTicker","u":5605452590064,"s":"BTCUSDT","b":"67092.70","B":"17.907","a":"67092.80","A":"1.549","T":1729934169045,"E":1729934169045}
{"e":"bookTicker","u":5605452590065,"s":"BTCUSDT","b":"67092.70","B":"17.907","a":"67092.80","A":"1.522","T":1729934169045,"E":1729934169045}
{"e":"bookTicker","u":5605452590075,"s":"BTCUSDT","b":"67092.70","B":"17.907","a":"67092.80","A":"1.497","T":1729934169045,"E":1729934169045}
{"e":"bookTicker","u":5605452594275,"s":"BTCUSDT","b":"67092.70","B":"17.907","a":"67092.80","A":"1.414","T":1729934169121,"E":1729934169121}
{"e":"bookTicker","u":5605452594429,"s":"BTCUSDT","b":"67092.70","B":"17.907","a":"67092.80","A":"1.509","T":1729934169124,"E":1729934169124}
{"e":"bookTicker","u":5605452595897,"s":"BTCUSDT","b":"67092.70","B":"17.686","a":"67092.80","A":"1.509","T":1729934169155,"E":1729934169155}
{"e":"bookTicker","u":5605452596423,"s":"BTCUSDT","b":"67092.70","B":"17.902","a":"67092.80","A":"1.509","T":1729934169163,"E":1729934169163}
{"e":"bookTicker","u":5605452609660,"s":"BTCUSDT","b":"67092.70","B":"17.906","a":"67092.80","A":"1.509","T":1729934169406,"E":1729934169406}
{"e":"bookTicker","u":5605452609774,"s":"BTCUSDT","b":"67092.70","B":"17.906","a":"67092.80","A":"1.369","T":1729934169408,"E":1729934169409}
{"e":"bookTicker","u":5605452609861,"s":"BTCUSDT","b":"67092.70","B":"17.883","a":"67092.80","A":"1.369","T":1729934169410,"E":1729934169410}
{"e":"bookTicker","u":5605452610003,"s":"BTCUSDT","b":"67092.70","B":"17.904","a":"67092.80","A":"1.369","T":1729934169414,"E":1729934169414}
{"e":"bookTicker","u":5605452612267,"s":"BTCUSDT","b":"67092.70","B":"17.904","a":"67092.80","A":"1.319","T":1729934169454,"E":1729934169455}
{"e":"bookTicker","u":5605452612268,"s":"BTCUSDT","b":"67092.70","B":"17.908","a":"67092.80","A":"1.319","T":1729934169454,"E":1729934169455}
{"e":"bookTicker","u":5605452612280,"s":"BTCUSDT","b":"67092.70","B":"17.913","a":"67092.80","A":"1.319","T":1729934169455,"E":1729934169455}
{"e":"bookTicker","u":5605452612411,"s":"BTCUSDT","b":"67092.70","B":"17.913","a":"67092.80","A":"1.370","T":1729934169457,"E":1729934169457}
{"e":"bookTicker","u":5605452612550,"s":"BTCUSDT","b":"67092.70","B":"17.889","a":"67092.80","A":"1.370","T":1729934169460,"E":1729934169460}
{"e":"bookTicker","u":5605452612648,"s":"BTCUSDT","b":"67092.70","B":"17.895","a":"67092.80","A":"1.370","T":1729934169462,"E":1729934169463}
{"e":"bookTicker","u":5605452612697,"s":"BTCUSDT","b":"67092.70","B":"17.920","a":"67092.80","A":"1.370","T":1729934169464,"E":1729934169464}
{"e":"bookTicker","u":5605452613560,"s":"BTCUSDT","b":"67092.70","B":"17.960","a":"67092.80","A":"1.370","T":1729934169478,"E":1729934169478}
{"e":"bookTicker","u":5605452613709,"s":"BTCUSDT","b":"67092.70","B":"17.778","a":"67092.80","A":"1.370","T":1729934169481,"E":1729934169481}
{"e":"bookTicker","u":5605452613844,"s":"BTCUSDT","b":"67092.70","B":"17.778","a":"67092.80","A":"1.394","T":1729934169484,"E":1729934169484}
{"e":"bookTicker","u":5605452613847,"s":"BTCUSDT","b":"67092.70","B":"17.778","a":"67092.80","A":"1.416","T":1729934169484,"E":1729934169484}
{"e":"bookTicker","u":5605452613848,"s":"BTCUSDT","b":"67092.70","B":"17.778","a":"67092.80","A":"1.441","T":1729934169484,"E":1729934169484}
{"e":"bookTicker","u":5605452613853,"s":"BTCUSDT","b":"67092.70","B":"17.778","a":"67092.80","A":"1.464","T":1729934169484,"E":1729934169484}
{"e":"bookTicker","u":5605452613862,"s":"BTCUSDT","b":"67092.70","B":"17.778","a":"67092.80","A":"1.487","T":1729934169484,"E":1729934169484}
{"e":"bookTicker","u":5605452618928,"s":"BTCUSDT","b":"67092.70","B":"17.778","a":"67092.80","A":"1.462","T":1729934169569,"E":1729934169569}
{"e":"bookTicker","u":5605452618951,"s":"BTCUSDT","b":"67092.70","B":"17.778","a":"67092.80","A":"1.440","T":1729934169569,"E":1729934169569}
{"e":"bookTicker","u":5605452619049,"s":"BTCUSDT","b":"67092.70","B":"17.642","a":"67092.80","A":"1.440","T":1729934169571,"E":1729934169571}
{"e":"bookTicker","u":5605452619221,"s":"BTCUSDT","b":"67092.70","B":"17.779","a":"67092.80","A":"1.440","T":1729934169575,"E":1729934169575}
{"e":"bookTicker","u":5605452619297,"s":"BTCUSDT","b":"67092.70","B":"17.779","a":"67092.80","A":"1.417","T":1729934169577,"E":1729934169577}
{"e":"bookTicker","u":5605452619301,"s":"BTCUSDT","b":"67092.70","B":"17.779","a":"67092.80","A":"1.393","T":1729934169577,"E":1729934169577}
{"e":"bookTicker","u":5605452619309,"s":"BTCUSDT","b":"67092.70","B":"17.779","a":"67092.80","A":"1.370","T":1729934169577,"E":1729934169577}
{"e":"bookTicker","u":5605452631614,"s":"BTCUSDT","b":"67092.70","B":"17.979","a":"67092.80","A":"1.370","T":1729934169803,"E":1729934169803}
{"e":"bookTicker","u":5605452631836,"s":"BTCUSDT","b":"67092.70","B":"17.979","a":"67092.80","A":"1.510","T":1729934169806,"E":1729934169806}
{"e":"bookTicker","u":5605452633962,"s":"BTCUSDT","b":"67092.70","B":"17.979","a":"67092.80","A":"1.508","T":1729934169857,"E":1729934169857}
{"e":"bookTicker","u":5605452634003,"s":"BTCUSDT","b":"67092.70","B":"17.979","a":"67092.80","A":"1.510","T":1729934169858,"E":1729934169858}
{"e":"bookTicker","u":5605452635862,"s":"BTCUSDT","b":"67092.70","B":"17.977","a":"67092.80","A":"1.510","T":1729934169879,"E":1729934169879}
{"e":"bookTicker","u":5605452640854,"s":"BTCUSDT","b":"67092.70","B":"17.977","a":"67092.80","A":"1.508","T":1729934169969,"E":1729934169969}
{"e":"bookTicker","u":5605452647025,"s":"BTCUSDT","b":"67092.70","B":"17.998","a":"67092.80","A":"1.508","T":1729934170064,"E":1729934170064}
{"e":"bookTicker","u":5605452652983,"s":"BTCUSDT","b":"67092.70","B":"17.782","a":"67092.80","A":"1.508","T":1729934170167,"E":1729934170167}
{"e":"bookTicker","u":5605452654462,"s":"BTCUSDT","b":"67092.70","B":"17.997","a":"67092.80","A":"1.508","T":1729934170183,"E":1729934170183}
{"e":"bookTicker","u":5605452656678,"s":"BTCUSDT","b":"67092.70","B":"17.997","a":"67092.80","A":"1.487","T":1729934170218,"E":1729934170218}
{"e":"bookTicker","u":5605452656879,"s":"BTCUSDT","b":"67092.70","B":"17.997","a":"67092.80","A":"1.513","T":1729934170221,"E":1729934170222}
{"e":"bookTicker","u":5605452658707,"s":"BTCUSDT","b":"67092.70","B":"17.980","a":"67092.80","A":"1.513","T":1729934170248,"E":1729934170248}
{"e":"bookTicker","u":5605452659881,"s":"BTCUSDT","b":"67092.70","B":"17.980","a":"67092.80","A":"3.073","T":1729934170259,"E":1729934170259}
{"e":"bookTicker","u":5605452659919,"s":"BTCUSDT","b":"67092.70","B":"17.980","a":"67092.80","A":"3.610","T":1729934170259,"E":1729934170259}
{"e":"bookTicker","u":5605452659936,"s":"BTCUSDT","b":"67092.70","B":"17.980","a":"67092.80","A":"4.320","T":1729934170259,"E":1729934170259}
{"e":"bookTicker","u":5605452660127,"s":"BTCUSDT","b":"67092.70","B":"17.980","a":"67092.80","A":"4.566","T":1729934170260,"E":1729934170260}
{"e":"bookTicker","u":5605452661142,"s":"BTCUSDT","b":"67092.70","B":"17.980","a":"67092.80","A":"4.029","T":1729934170262,"E":1729934170262}
{"e":"bookTicker","u":5605452661272,"s":"BTCUSDT","b":"67092.70","B":"17.980","a":"67092.80","A":"4.054","T":1729934170262,"E":1729934170262}
{"e":"bookTicker","u":5605452661285,"s":"BTCUSDT","b":"67092.70","B":"17.980","a":"67092.80","A":"4.079","T":1729934170262,"E":1729934170262}
{"e":"bookTicker","u":5605452661378,"s":"BTCUSDT","b":"67092.70","B":"17.980","a":"67092.80","A":"4.105","T":1729934170262,"E":1729934170262}
{"e":"bookTicker","u":5605452661396,"s":"BTCUSDT","b":"67092.70","B":"17.980","a":"67092.80","A":"4.127","T":1729934170262,"E":1729934170262}
{"e":"bookTicker","u":5605452661471,"s":"BTCUSDT","b":"67092.70","B":"17.980","a":"67092.80","A":"4.149","T":1729934170262,"E":1729934170263}
{"e":"bookTicker","u":5605452661630,"s":"BTCUSDT","b":"67092.70","B":"17.980","a":"67092.80","A":"4.890","T":1729934170263,"E":1729934170263}
{"e":"bookTicker","u":5605452661797,"s":"BTCUSDT","b":"67092.70","B":"17.940","a":"67092.80","A":"4.890","T":1729934170263,"E":1729934170263}
{"e":"bookTicker","u":5605452662919,"s":"BTCUSDT","b":"67092.70","B":"17.940","a":"67092.80","A":"5.427","T":1729934170265,"E":1729934170266}
{"e":"bookTicker","u":5605452664363,"s":"BTCUSDT","b":"67092.70","B":"17.930","a":"67092.80","A":"5.427","T":1729934170268,"E":1729934170269}
{"e":"bookTicker","u":5605452664414,"s":"BTCUSDT","b":"67092.70","B":"17.910","a":"67092.80","A":"5.427","T":1729934170268,"E":1729934170269}
{"e":"bookTicker","u":5605452664495,"s":"BTCUSDT","b":"67092.70","B":"17.910","a":"67092.80","A":"5.445","T":1729934170269,"E":1729934170269}
{"e":"bookTicker","u":5605452665207,"s":"BTCUSDT","b":"67092.70","B":"17.910","a":"67092.80","A":"4.704","T":1729934170270,"E":1729934170271}
{"e":"bookTicker","u":5605452665735,"s":"BTCUSDT","b":"67092.70","B":"17.907","a":"67092.80","A":"4.704","T":1729934170272,"E":1729934170272}
{"e":"bookTicker","u":5605452666371,"s":"BTCUSDT","b":"67092.70","B":"17.907","a":"67092.80","A":"4.167","T":1729934170273,"E":1729934170273}
{"e":"bookTicker","u":5605452667111,"s":"BTCUSDT","b":"67092.70","B":"17.947","a":"67092.80","A":"4.167","T":1729934170275,"E":1729934170275}
{"e":"bookTicker","u":5605452667133,"s":"BTCUSDT","b":"67092.70","B":"17.947","a":"67092.80","A":"3.457","T":1729934170275,"E":1729934170275}
{"e":"bookTicker","u":5605452667143,"s":"BTCUSDT","b":"67092.70","B":"17.967","a":"67092.80","A":"3.457","T":1729934170275,"E":1729934170275}
{"e":"bookTicker","u":5605452667327,"s":"BTCUSDT","b":"67092.70","B":"17.967","a":"67092.80","A":"1.897","T":1729934170275,"E":1729934170276}
{"e":"bookTicker","u":5605452667350,"s":"BTCUSDT","b":"67092.70","B":"17.967","a":"67092.80","A":"1.651","T":1729934170275,"E":1729934170276}
{"e":"bookTicker","u":5605452667475,"s":"BTCUSDT","b":"67092.70","B":"17.970","a":"67092.80","A":"1.651","T":1729934170276,"E":1729934170276}
{"e":"bookTicker","u":5605452667629,"s":"BTCUSDT","b":"67092.70","B":"17.990","a":"67092.80","A":"1.651","T":1729934170276,"E":1729934170276}
{"e":"bookTicker","u":5605452670078,"s":"BTCUSDT","b":"67092.70","B":"17.990","a":"67092.80","A":"1.897","T":1729934170282,"E":1729934170282}
{"e":"bookTicker","u":5605452670086,"s":"BTCUSDT","b":"67092.70","B":"17.990","a":"67092.80","A":"2.638","T":1729934170282,"E":1729934170282}
{"e":"bookTicker","u":5605452670100,"s":"BTCUSDT","b":"67092.70","B":"17.990","a":"67092.80","A":"2.392","T":1729934170282,"E":1729934170282}
{"e":"bookTicker","u":5605452670105,"s":"BTCUSDT","b":"67092.70","B":"17.990","a":"67092.80","A":"3.952","T":1729934170282,"E":1729934170282}
{"e":"bookTicker","u":5605452670118,"s":"BTCUSDT","b":"67092.70","B":"17.990","a":"67092.80","A":"3.211","T":1729934170282,"E":1729934170282}
{"e":"bookTicker","u":5605452670608,"s":"BTCUSDT","b":"67092.70","B":"17.970","a":"67092.80","A":"3.211","T":1729934170283,"E":1729934170283}
{"e":"bookTicker","u":5605452670610,"s":"BTCUSDT","b":"67092.70","B":"17.930","a":"67092.80","A":"3.211","T":1729934170283,"E":1729934170283}
{"e":"bookTicker","u":5605452670736,"s":"BTCUSDT","b":"67092.70","B":"17.930","a":"67092.80","A":"1.651","T":1729934170284,"E":1729934170284}
{"e":"bookTicker","u":5605452670832,"s":"BTCUSDT","b":"67092.70","B":"17.950","a":"67092.80","A":"1.651","T":1729934170284,"E":1729934170284}
{"e":"bookTicker","u":5605452670867,"s":"BTCUSDT","b":"67092.70","B":"17.950","a":"67092.80","A":"1.897","T":1729934170284,"E":1729934170285}
{"e":"bookTicker","u":5605452670876,"s":"BTCUSDT","b":"67092.70","B":"17.950","a":"67092.80","A":"2.638","T":1729934170284,"E":1729934170285}
{"e":"bookTicker","u":5605452671554,"s":"BTCUSDT","b":"67092.70","B":"17.950","a":"67092.80","A":"2.392","T":1729934170287,"E":1729934170287}
{"e":"bookTicker","u":5605452671602,"s":"BTCUSDT","b":"67092.70","B":"17.950","a":"67092.80","A":"3.952","T":1729934170287,"E":1729934170288}
{"e":"bookTicker","u":5605452671985,"s":"BTCUSDT","b":"67092.70","B":"17.950","a":"67092.80","A":"4.198","T":1729934170289,"E":1729934170289}
{"e":"bookTicker","u":5605452674878,"s":"BTCUSDT","b":"67092.70","B":"17.950","a":"67092.80","A":"4.735","T":1729934170307,"E":1729934170307}
{"e":"bookTicker","u":5605452675217,"s":"BTCUSDT","b":"67092.70","B":"17.950","a":"67092.80","A":"4.198","T":1729934170309,"E":1729934170309}
{"e":"bookTicker","u":5605452675978,"s":"BTCUSDT","b":"67092.70","B":"17.950","a":"67092.80","A":"4.735","T":1729934170311,"E":1729934170312}
{"e":"bookTicker","u":5605452676352,"s":"BTCUSDT","b":"67092.70","B":"17.950","a":"67092.80","A":"4.198","T":1729934170313,"E":1729934170313}
{"e":"bookTicker","u":5605452676749,"s":"BTCUSDT","b":"67092.70","B":"17.954","a":"67092.80","A":"4.198","T":1729934170314,"E":1729934170314}
{"e":"bookTicker","u":5605452677208,"s":"BTCUSDT","b":"67092.70","B":"17.954","a":"67092.80","A":"4.735","T":1729934170315,"E":1729934170315}
{"e":"bookTicker","u":5605452677410,"s":"BTCUSDT","b":"67092.70","B":"17.954","a":"67092.80","A":"4.198","T":1729934170316,"E":1729934170316}
{"e":"bookTicker","u":5605452678990,"s":"BTCUSDT","b":"67092.70","B":"17.954","a":"67092.80","A":"3.457","T":1729934170321,"E":1729934170322}
{"e":"bookTicker","u":5605452679096,"s":"BTCUSDT","b":"67092.70","B":"17.954","a":"67092.80","A":"3.211","T":1729934170322,"E":1729934170322}
{"e":"bookTicker","u":5605452679102,"s":"BTCUSDT","b":"67092.70","B":"17.954","a":"67092.80","A":"1.651","T":1729934170322,"E":1729934170322}
{"e":"bookTicker","u":5605452679406,"s":"BTCUSDT","b":"67092.70","B":"17.994","a":"67092.80","A":"1.651","T":1729934170323,"E":1729934170323}
{"e":"bookTicker","u":5605452679532,"s":"BTCUSDT","b":"67092.70","B":"17.994","a":"67092.80","A":"1.629","T":1729934170324,"E":1729934170324}
{"e":"bookTicker","u":5605452679548,"s":"BTCUSDT","b":"67092.70","B":"17.994","a":"67092.80","A":"1.604","T":1729934170324,"E":1729934170324}
{"e":"bookTicker","u":5605452679554,"s":"BTCUSDT","b":"67092.70","B":"17.994","a":"67092.80","A":"1.578","T":1729934170324,"E":1729934170324}
{"e":"bookTicker","u":5605452679561,"s":"BTCUSDT","b":"67092.70","B":"17.994","a":"67092.80","A":"1.556","T":1729934170324,"E":1729934170324}
{"e":"bookTicker","u":5605452679573,"s":"BTCUSDT","b":"67092.70","B":"17.994","a":"67092.80","A":"1.531","T":1729934170324,"E":1729934170324}
{"e":"bookTicker","u":5605452680968,"s":"BTCUSDT","b":"67092.70","B":"17.954","a":"67092.80","A":"1.531","T":1729934170331,"E":1729934170331}
{"e":"bookTicker","u":5605452681443,"s":"BTCUSDT","b":"67092.70","B":"17.994","a":"67092.80","A":"1.531","T":1729934170334,"E":1729934170334}
{"e":"bookTicker","u":5605452682404,"s":"BTCUSDT","b":"67092.70","B":"17.994","a":"67092.80","A":"1.777","T":1729934170340,"E":1729934170340}
{"e":"bookTicker","u":5605452682456,"s":"BTCUSDT","b":"67092.70","B":"17.994","a":"67092.80","A":"2.518","T":1729934170340,"E":1729934170341}
{"e":"bookTicker","u":5605452682490,"s":"BTCUSDT","b":"67092.70","B":"17.994","a":"67092.80","A":"4.078","T":1729934170341,"E":1729934170341}
{"e":"bookTicker","u":5605452682551,"s":"BTCUSDT","b":"67092.70","B":"17.994","a":"67092.80","A":"2.518","T":1729934170341,"E":1729934170341}
{"e":"bookTicker","u":5605452682555,"s":"BTCUSDT","b":"67092.70","B":"17.954","a":"67092.80","A":"2.518","T":1729934170341,"E":1729934170341}
{"e":"bookTicker","u":5605452682562,"s":"BTCUSDT","b":"67092.70","B":"17.934","a":"67092.80","A":"2.518","T":1729934170341,"E":1729934170341}
{"e":"bookTicker","u":5605452682583,"s":"BTCUSDT","b":"67092.70","B":"17.914","a":"67092.80","A":"2.518","T":1729934170341,"E":1729934170341}
{"e":"bookTicker","u":5605452682727,"s":"BTCUSDT","b":"67092.70","B":"17.914","a":"67092.80","A":"1.777","T":1729934170342,"E":1729934170342}
{"e":"bookTicker","u":5605452682730,"s":"BTCUSDT","b":"67092.70","B":"17.914","a":"67092.80","A":"1.531","T":1729934170342,"E":1729934170342}
{"e":"bookTicker","u":5605452682986,"s":"BTCUSDT","b":"67092.70","B":"17.914","a":"67092.80","A":"2.241","T":1729934170343,"E":1729934170343}
{"e":"bookTicker","u":5605452683030,"s":"BTCUSDT","b":"67092.70","B":"17.914","a":"67092.80","A":"1.531","T":1729934170343,"E":1729934170344}
{"e":"bookTicker","u":5605452683177,"s":"BTCUSDT","b":"67092.70","B":"17.914","a":"67092.80","A":"1.777","T":1729934170344,"E":1729934170344}
{"e":"bookTicker","u":5605452683208,"s":"BTCUSDT","b":"67092.70","B":"17.910","a":"67092.80","A":"1.777","T":1729934170344,"E":1729934170345}
{"e":"bookTicker","u":5605452683314,"s":"BTCUSDT","b":"67092.70","B":"17.910","a":"67092.80","A":"1.531","T":1729934170345,"E":1729934170345}
{"e":"bookTicker","u":5605452683395,"s":"BTCUSDT","b":"67092.70","B":"17.910","a":"67092.80","A":"2.272","T":1729934170345,"E":1729934170346}
{"e":"bookTicker","u":5605452683482,"s":"BTCUSDT","b":"67092.70","B":"17.910","a":"67092.80","A":"1.531","T":1729934170346,"E":1729934170346}
{"e":"bookTicker","u":5605452683585,"s":"BTCUSDT","b":"67092.70","B":"17.930","a":"67092.80","A":"1.531","T":1729934170346,"E":1729934170346}
{"e":"bookTicker","u":5605452683919,"s":"BTCUSDT","b":"67092.70","B":"17.950","a":"67092.80","A":"1.531","T":1729934170348,"E":1729934170348}
{"e":"bookTicker","u":5605452683934,"s":"BTCUSDT","b":"67092.70","B":"17.950","a":"67092.80","A":"1.777","T":1729934170348,"E":1729934170348}
{"e":"bookTicker","u":5605452683948,"s":"BTCUSDT","b":"67092.70","B":"17.950","a":"67092.80","A":"1.531","T":1729934170348,"E":1729934170348}
{"e":"bookTicker","u":5605452684078,"s":"BTCUSDT","b":"67092.70","B":"17.930","a":"67092.80","A":"1.531","T":1729934170349,"E":1729934170349}
{"e":"bookTicker","u":5605452684081,"s":"BTCUSDT","b":"67092.70","B":"17.910","a":"67092.80","A":"1.531","T":1729934170349,"E":1729934170349}
{"e":"bookTicker","u":5605452684125,"s":"BTCUSDT","b":"67092.70","B":"17.914","a":"67092.80","A":"1.531","T":1729934170350,"E":1729934170350}
{"e":"bookTicker","u":5605452684552,"s":"BTCUSDT","b":"67092.70","B":"17.910","a":"67092.80","A":"1.531","T":1729934170352,"E":1729934170352}
{"e":"bookTicker","u":5605452684794,"s":"BTCUSDT","b":"67092.70","B":"17.930","a":"67092.80","A":"1.531","T":1729934170354,"E":1729934170354}
{"e":"bookTicker","u":5605452684862,"s":"BTCUSDT","b":"67092.70","B":"17.950","a":"67092.80","A":"1.531","T":1729934170355,"E":1729934170355}
{"e":"bookTicker","u":5605452685204,"s":"BTCUSDT","b":"67092.70","B":"17.954","a":"67092.80","A":"1.531","T":1729934170357,"E":1729934170357}
{"e":"bookTicker","u":5605452687173,"s":"BTCUSDT","b":"67092.70","B":"17.934","a":"67092.80","A":"1.531","T":1729934170370,"E":1729934170370}
{"e":"bookTicker","u":5605452687213,"s":"BTCUSDT","b":"67092.70","B":"17.914","a":"67092.80","A":"1.531","T":1729934170370,"E":1729934170371}
{"e":"bookTicker","u":5605452687773,"s":"BTCUSDT","b":"67092.70","B":"17.910","a":"67092.80","A":"1.531","T":1729934170373,"E":1729934170373}
{"e":"bookTicker","u":5605452688136,"s":"BTCUSDT","b":"67092.70","B":"17.930","a":"67092.80","A":"1.531","T":1729934170375,"E":1729934170375}
{"e":"bookTicker","u":5605452688180,"s":"BTCUSDT","b":"67092.70","B":"17.950","a":"67092.80","A":"1.531","T":1729934170375,"E":1729934170376}
{"e":"bookTicker","u":5605452688662,"s":"BTCUSDT","b":"67092.70","B":"17.954","a":"67092.80","A":"1.531","T":1729934170378,"E":1729934170378}
{"e":"bookTicker","u":5605452688859,"s":"BTCUSDT","b":"67092.70","B":"17.934","a":"67092.80","A":"1.531","T":1729934170379,"E":1729934170379}
{"e":"bookTicker","u":5605452688862,"s":"BTCUSDT","b":"67092.70","B":"17.914","a":"67092.80","A":"1.531","T":1729934170379,"E":1729934170379}
{"e":"bookTicker","u":5605452689516,"s":"BTCUSDT","b":"67092.70","B":"17.910","a":"67092.80","A":"1.531","T":1729934170382,"E":1729934170382}
{"e":"bookTicker","u":5605452689958,"s":"BTCUSDT","b":"67092.70","B":"17.930","a":"67092.80","A":"1.531","T":1729934170385,"E":1729934170385}
{"e":"bookTicker","u":5605452689968,"s":"BTCUSDT","b":"67092.70","B":"17.950","a":"67092.80","A":"1.531","T":1729934170385,"E":1729934170385}
{"e":"bookTicker","u":5605452690326,"s":"BTCUSDT","b":"67092.70","B":"17.954","a":"67092.80","A":"1.531","T":1729934170388,"E":1729934170388}
{"e":"bookTicker","u":5605452690860,"s":"BTCUSDT","b":"67092.70","B":"17.934","a":"67092.80","A":"1.531","T":1729934170392,"E":1729934170392}
{"e":"bookTicker","u":5605452690867,"s":"BTCUSDT","b":"67092.70","B":"17.914","a":"67092.80","A":"1.531","T":1729934170392,"E":1729934170392}
{"e":"bookTicker","u":5605452691027,"s":"BTCUSDT","b":"67092.70","B":"17.924","a":"67092.80","A":"1.531","T":1729934170393,"E":1729934170393}
{"e":"bookTicker","u":5605452691199,"s":"BTCUSDT","b":"67092.70","B":"17.914","a":"67092.80","A":"1.531","T":1729934170394,"E":1729934170395}
{"e":"bookTicker","u":5605452691282,"s":"BTCUSDT","b":"67092.70","B":"17.914","a":"67092.80","A":"1.777","T":1729934170395,"E":1729934170395}
{"e":"bookTicker","u":5605452691319,"s":"BTCUSDT","b":"67092.70","B":"17.910","a":"67092.80","A":"1.777","T":1729934170395,"E":1729934170395}
{"e":"bookTicker","u":5605452691407,"s":"BTCUSDT","b":"67092.70","B":"17.920","a":"67092.80","A":"1.777","T":1729934170396,"E":1729934170396}
{"e":"bookTicker","u":5605452691431,"s":"BTCUSDT","b":"67092.70","B":"17.920","a":"67092.80","A":"1.531","T":1729934170396,"E":1729934170396}
{"e":"bookTicker","u":5605452691736,"s":"BTCUSDT","b":"67092.70","B":"17.920","a":"67092.80","A":"1.777","T":1729934170398,"E":1729934170398}
{"e":"bookTicker","u":5605452691750,"s":"BTCUSDT","b":"67092.70","B":"17.940","a":"67092.80","A":"1.777","T":1729934170398,"E":1729934170398}
{"e":"bookTicker","u":5605452691781,"s":"BTCUSDT","b":"67092.70","B":"17.940","a":"67092.80","A":"1.531","T":1729934170398,"E":1729934170399}
{"e":"bookTicker","u":5605452692096,"s":"BTCUSDT","b":"67092.70","B":"17.920","a":"67092.80","A":"1.531","T":1729934170400,"E":1729934170400}
{"e":"bookTicker","u":5605452692155,"s":"BTCUSDT","b":"67092.70","B":"17.924","a":"67092.80","A":"1.531","T":1729934170401,"E":1729934170401}
{"e":"bookTicker","u":5605452692595,"s":"BTCUSDT","b":"67092.70","B":"17.920","a":"67092.80","A":"1.531","T":1729934170403,"E":1729934170403}
{"e":"bookTicker","u":5605452692635,"s":"BTCUSDT","b":"67092.70","B":"17.940","a":"67092.80","A":"1.531","T":1729934170403,"E":1729934170404}
{"e":"bookTicker","u":5605452692645,"s":"BTCUSDT","b":"67092.70","B":"17.980","a":"67092.80","A":"1.531","T":1729934170404,"E":1729934170404}
{"e":"bookTicker","u":5605452694351,"s":"BTCUSDT","b":"67092.70","B":"17.959","a":"67092.80","A":"1.531","T":1729934170418,"E":1729934170418}
{"e":"bookTicker","u":5605452694665,"s":"BTCUSDT","b":"67092.70","B":"17.981","a":"67092.80","A":"1.531","T":1729934170421,"E":1729934170421}
{"e":"bookTicker","u":5605452698424,"s":"BTCUSDT","b":"67092.70","B":"17.981","a":"67092.80","A":"1.480","T":1729934170461,"E":1729934170461}
{"e":"bookTicker","u":5605452698765,"s":"BTCUSDT","b":"67092.70","B":"17.981","a":"67092.80","A":"1.530","T":1729934170464,"E":1729934170464}
{"e":"bookTicker","u":5605452699600,"s":"BTCUSDT","b":"67092.70","B":"17.956","a":"67092.80","A":"1.530","T":1729934170471,"E":1729934170471}
{"e":"bookTicker","u":5605452700093,"s":"BTCUSDT","b":"67092.70","B":"17.980","a":"67092.80","A":"1.530","T":1729934170474,"E":1729934170475}
{"e":"bookTicker","u":5605452701743,"s":"BTCUSDT","b":"67092.70","B":"17.980","a":"67092.80","A":"1.512","T":1729934170487,"E":1729934170487}
{"e":"bookTicker","u":5605452701834,"s":"BTCUSDT","b":"67092.70","B":"17.980","a":"67092.80","A":"1.514","T":1729934170488,"E":1729934170488}
{"e":"bookTicker","u":5605452702921,"s":"BTCUSDT","b":"67092.70","B":"17.920","a":"67092.80","A":"1.514","T":1729934170499,"E":1729934170499}
{"e":"bookTicker","u":5605452703963,"s":"BTCUSDT","b":"67092.70","B":"17.982","a":"67092.80","A":"1.514","T":1729934170509,"E":1729934170509}
{"e":"bookTicker","u":5605452704140,"s":"BTCUSDT","b":"67092.70","B":"18.086","a":"67092.80","A":"1.514","T":1729934170511,"E":1729934170511}
{"e":"bookTicker","u":5605452704239,"s":"BTCUSDT","b":"67092.70","B":"17.991","a":"67092.80","A":"1.514","T":1729934170512,"E":1729934170512}
{"e":"bookTicker","u":5605452712560,"s":"BTCUSDT","b":"67092.70","B":"17.991","a":"67092.80","A":"1.512","T":1729934170626,"E":1729934170627}
{"e":"bookTicker","u":5605452715709,"s":"BTCUSDT","b":"67092.70","B":"17.991","a":"67092.80","A":"1.510","T":1729934170669,"E":1729934170669}
{"e":"bookTicker","u":5605452718148,"s":"BTCUSDT","b":"67092.70","B":"17.991","a":"67092.80","A":"3.070","T":1729934170682,"E":1729934170682}
{"e":"bookTicker","u":5605452718489,"s":"BTCUSDT","b":"67092.70","B":"17.991","a":"67092.80","A":"3.097","T":1729934170684,"E":1729934170684}
{"e":"bookTicker","u":5605452718506,"s":"BTCUSDT","b":"67092.70","B":"17.991","a":"67092.80","A":"3.122","T":1729934170684,"E":1729934170684}
{"e":"bookTicker","u":5605452718558,"s":"BTCUSDT","b":"67092.70","B":"17.991","a":"67092.80","A":"3.147","T":1729934170684,"E":1729934170684}
{"e":"bookTicker","u":5605452718566,"s":"BTCUSDT","b":"67092.70","B":"17.991","a":"67092.80","A":"3.171","T":1729934170684,"E":1729934170684}
{"e":"bookTicker","u":5605452718588,"s":"BTCUSDT","b":"67092.70","B":"17.991","a":"67092.80","A":"3.194","T":1729934170684,"E":1729934170684}
{"e":"bookTicker","u":5605452718600,"s":"BTCUSDT","b":"67092.70","B":"17.985","a":"67092.80","A":"3.194","T":1729934170684,"E":1729934170684}
{"e":"bookTicker","u":5605452718660,"s":"BTCUSDT","b":"67092.70","B":"17.985","a":"67092.80","A":"3.440","T":1729934170685,"E":1729934170685}
{"e":"bookTicker","u":5605452719041,"s":"BTCUSDT","b":"67092.70","B":"17.985","a":"67092.80","A":"4.150","T":1729934170687,"E":1729934170687}
{"e":"bookTicker","u":5605452719426,"s":"BTCUSDT","b":"67092.70","B":"17.985","a":"67092.80","A":"3.440","T":1729934170689,"E":1729934170689}
{"e":"bookTicker","u":5605452720441,"s":"BTCUSDT","b":"67092.70","B":"17.991","a":"67092.80","A":"3.440","T":1729934170697,"E":1729934170697}
{"e":"bookTicker","u":5605452722293,"s":"BTCUSDT","b":"67092.70","B":"17.776","a":"67092.80","A":"3.440","T":1729934170717,"E":1729934170717}
{"e":"bookTicker","u":5605452722656,"s":"BTCUSDT","b":"67092.70","B":"17.778","a":"67092.80","A":"3.440","T":1729934170721,"E":1729934170721}
{"e":"bookTicker","u":5605452723179,"s":"BTCUSDT","b":"67092.70","B":"17.992","a":"67092.80","A":"3.440","T":1729934170727,"E":1729934170727}
{"e":"bookTicker","u":5605452725963,"s":"BTCUSDT","b":"67092.70","B":"17.992","a":"67092.80","A":"3.194","T":1729934170756,"E":1729934170757}
{"e":"bookTicker","u":5605452726142,"s":"BTCUSDT","b":"67092.70","B":"17.992","a":"67092.80","A":"3.171","T":1729934170758,"E":1729934170758}
{"e":"bookTicker","u":5605452726157,"s":"BTCUSDT","b":"67092.70","B":"17.992","a":"67092.80","A":"3.146","T":1729934170758,"E":1729934170758}
{"e":"bookTicker","u":5605452726158,"s":"BTCUSDT","b":"67092.70","B":"17.992","a":"67092.80","A":"3.122","T":1729934170758,"E":1729934170758}
{"e":"bookTicker","u":5605452726183,"s":"BTCUSDT","b":"67092.70","B":"17.992","a":"67092.80","A":"3.097","T":1729934170758,"E":1729934170758}
{"e":"bookTicker","u":5605452726187,"s":"BTCUSDT","b":"67092.70","B":"17.992","a":"67092.80","A":"3.070","T":1729934170758,"E":1729934170759}
{"e":"bookTicker","u":5605452738897,"s":"BTCUSDT","b":"67092.70","B":"17.992","a":"67092.80","A":"1.510","T":1729934170968,"E":1729934170968}
{"e":"bookTicker","u":5605452743335,"s":"BTCUSDT","b":"67092.70","B":"17.992","a":"67092.80","A":"1.507","T":1729934171052,"E":1729934171052}
{"e":"bookTicker","u":5605452745175,"s":"BTCUSDT","b":"67092.70","B":"17.996","a":"67092.80","A":"1.507","T":1729934171087,"E":1729934171087}
{"e":"bookTicker","u":5605452746829,"s":"BTCUSDT","b":"67092.70","B":"17.859","a":"67092.80","A":"1.507","T":1729934171116,"E":1729934171116}
{"e":"bookTicker","u":5605452747560,"s":"BTCUSDT","b":"67092.70","B":"17.995","a":"67092.80","A":"1.507","T":1729934171129,"E":1729934171129}
{"e":"bookTicker","u":5605452747936,"s":"BTCUSDT","b":"67092.70","B":"17.995","a":"67092.80","A":"1.412","T":1729934171133,"E":1729934171133}
{"e":"bookTicker","u":5605452748104,"s":"BTCUSDT","b":"67092.70","B":"17.995","a":"67092.80","A":"1.518","T":1729934171136,"E":1729934171136}
{"e":"bookTicker","u":5605452753906,"s":"BTCUSDT","b":"67092.70","B":"17.781","a":"67092.80","A":"1.518","T":1729934171237,"E":1729934171237}
{"e":"bookTicker","u":5605452754145,"s":"BTCUSDT","b":"67092.70","B":"18.002","a":"67092.80","A":"1.518","T":1729934171241,"E":1729934171241}
{"e":"bookTicker","u":5605452755874,"s":"BTCUSDT","b":"67092.70","B":"17.918","a":"67092.80","A":"1.518","T":1729934171263,"E":1729934171263}
{"e":"bookTicker","u":5605452757128,"s":"BTCUSDT","b":"67092.70","B":"17.918","a":"67092.80","A":"3.078","T":1729934171274,"E":1729934171274}
{"e":"bookTicker","u":5605452757134,"s":"BTCUSDT","b":"67092.70","B":"17.918","a":"67092.80","A":"3.324","T":1729934171274,"E":1729934171274}
{"e":"bookTicker","u":5605452757362,"s":"BTCUSDT","b":"67092.70","B":"17.918","a":"67092.80","A":"3.348","T":1729934171276,"E":1729934171276}
{"e":"bookTicker","u":5605452757380,"s":"BTCUSDT","b":"67092.70","B":"17.918","a":"67092.80","A":"3.373","T":1729934171276,"E":1729934171276}
{"e":"bookTicker","u":5605452757389,"s":"BTCUSDT","b":"67092.70","B":"17.918","a":"67092.80","A":"3.400","T":1729934171276,"E":1729934171276}
{"e":"bookTicker","u":5605452757404,"s":"BTCUSDT","b":"67092.70","B":"17.918","a":"67092.80","A":"3.424","T":1729934171276,"E":1729934171277}
{"e":"bookTicker","u":5605452757408,"s":"BTCUSDT","b":"67092.70","B":"17.918","a":"67092.80","A":"3.450","T":1729934171276,"E":1729934171277}
{"e":"bookTicker","u":5605452757485,"s":"BTCUSDT","b":"67092.70","B":"17.993","a":"67092.80","A":"3.450","T":1729934171277,"E":1729934171277}
{"e":"bookTicker","u":5605452757918,"s":"BTCUSDT","b":"67092.70","B":"17.993","a":"67092.80","A":"3.424","T":1729934171281,"E":1729934171281}
{"e":"bookTicker","u":5605452758228,"s":"BTCUSDT","b":"67092.70","B":"17.993","a":"67092.80","A":"3.465","T":1729934171285,"E":1729934171285}
{"e":"bookTicker","u":5605452758479,"s":"BTCUSDT","b":"67092.70","B":"17.993","a":"67092.80","A":"4.175","T":1729934171287,"E":1729934171287}
{"e":"bookTicker","u":5605452758675,"s":"BTCUSDT","b":"67092.70","B":"17.993","a":"67092.80","A":"3.465","T":1729934171289,"E":1729934171289}
{"e":"bookTicker","u":5605452759511,"s":"BTCUSDT","b":"67092.70","B":"17.985","a":"67092.80","A":"3.465","T":1729934171301,"E":1729934171301}
{"e":"bookTicker","u":5605452759883,"s":"BTCUSDT","b":"67092.70","B":"18.007","a":"67092.80","A":"3.465","T":1729934171306,"E":1729934171306}
{"e":"bookTicker","u":5605452760282,"s":"BTCUSDT","b":"67092.70","B":"18.015","a":"67092.80","A":"3.465","T":1729934171312,"E":1729934171312}
{"e":"bookTicker","u":5605452760400,"s":"BTCUSDT","b":"67092.70","B":"18.015","a":"67092.80","A":"3.219","T":1729934171314,"E":1729934171314}
{"e":"bookTicker","u":5605452764259,"s":"BTCUSDT","b":"67092.70","B":"18.015","a":"67092.80","A":"3.195","T":1729934171360,"E":1729934171360}
{"e":"bookTicker","u":5605452764260,"s":"BTCUSDT","b":"67092.70","B":"18.015","a":"67092.80","A":"3.170","T":1729934171360,"E":1729934171360}
{"e":"bookTicker","u":5605452764272,"s":"BTCUSDT","b":"67092.70","B":"18.015","a":"67092.80","A":"3.144","T":1729934171360,"E":1729934171360}
{"e":"bookTicker","u":5605452764273,"s":"BTCUSDT","b":"67092.70","B":"18.015","a":"67092.80","A":"3.117","T":1729934171360,"E":1729934171360}
{"e":"bookTicker","u":5605452764275,"s":"BTCUSDT","b":"67092.70","B":"18.015","a":"67092.80","A":"3.093","T":1729934171360,"E":1729934171360}
{"e":"bookTicker","u":5605452764476,"s":"BTCUSDT","b":"67092.70","B":"18.015","a":"67092.80","A":"3.339","T":1729934171363,"E":1729934171363}
{"e":"bookTicker","u":5605452764639,"s":"BTCUSDT","b":"67092.70","B":"18.015","a":"67092.80","A":"4.049","T":1729934171365,"E":1729934171365}
{"e":"bookTicker","u":5605452764889,"s":"BTCUSDT","b":"67092.70","B":"18.015","a":"67092.80","A":"4.586","T":1729934171367,"E":1729934171367}
{"e":"bookTicker","u":5605452764890,"s":"BTCUSDT","b":"67092.70","B":"18.015","a":"67092.80","A":"5.327","T":1729934171367,"E":1729934171367}
{"e":"bookTicker","u":5605452768591,"s":"BTCUSDT","b":"67092.70","B":"18.015","a":"67092.80","A":"5.350","T":1729934171412,"E":1729934171412}
{"e":"bookTicker","u":5605452768596,"s":"BTCUSDT","b":"67092.70","B":"18.015","a":"67092.80","A":"5.375","T":1729934171412,"E":1729934171413}
{"e":"bookTicker","u":5605452768599,"s":"BTCUSDT","b":"67092.70","B":"18.015","a":"67092.80","A":"5.400","T":1729934171412,"E":1729934171413}
{"e":"bookTicker","u":5605452768611,"s":"BTCUSDT","b":"67092.70","B":"18.015","a":"67092.80","A":"5.426","T":1729934171412,"E":1729934171413}
{"e":"bookTicker","u":5605452768615,"s":"BTCUSDT","b":"67092.70","B":"18.015","a":"67092.80","A":"5.451","T":1729934171413,"E":1729934171413}
{"e":"bookTicker","u":5605452770112,"s":"BTCUSDT","b":"67092.70","B":"17.993","a":"67092.80","A":"5.451","T":1729934171426,"E":1729934171426}
{"e":"bookTicker","u":5605452770465,"s":"BTCUSDT","b":"67092.70","B":"18.014","a":"67092.80","A":"5.451","T":1729934171429,"E":1729934171429}
{"e":"bookTicker","u":5605452774212,"s":"BTCUSDT","b":"67092.70","B":"18.014","a":"67092.80","A":"5.453","T":1729934171476,"E":1729934171476}
{"e":"bookTicker","u":5605452788507,"s":"BTCUSDT","b":"67092.70","B":"18.016","a":"67092.80","A":"5.453","T":1729934171663,"E":1729934171663}
{"e":"bookTicker","u":5605452789981,"s":"BTCUSDT","b":"67092.70","B":"18.012","a":"67092.80","A":"5.453","T":1729934171701,"E":1729934171701}
{"e":"bookTicker","u":5605452796289,"s":"BTCUSDT","b":"67092.70","B":"18.012","a":"67092.80","A":"5.444","T":1729934171830,"E":1729934171830}
{"e":"bookTicker","u":5605452796376,"s":"BTCUSDT","b":"67092.70","B":"18.012","a":"67092.80","A":"5.462","T":1729934171831,"E":1729934171832}
{"e":"bookTicker","u":5605452797558,"s":"BTCUSDT","b":"67092.70","B":"18.012","a":"67092.80","A":"5.464","T":1729934171860,"E":1729934171860}
{"e":"bookTicker","u":5605452797622,"s":"BTCUSDT","b":"67092.70","B":"18.012","a":"67092.80","A":"5.462","T":1729934171860,"E":1729934171860}
{"e":"bookTicker","u":5605452798789,"s":"BTCUSDT","b":"67092.70","B":"18.031","a":"67092.80","A":"5.462","T":1729934171884,"E":1729934171884}
{"e":"bookTicker","u":5605452800525,"s":"BTCUSDT","b":"67092.70","B":"18.026","a":"67092.80","A":"5.462","T":1729934171907,"E":1729934171907}
{"e":"bookTicker","u":5605452803087,"s":"BTCUSDT","b":"67092.70","B":"18.106","a":"67092.80","A":"5.462","T":1729934171968,"E":1729934171969}
{"e":"bookTicker","u":5605452803109,"s":"BTCUSDT","b":"67092.70","B":"18.026","a":"67092.80","A":"5.462","T":1729934171969,"E":1729934171969}
{"e":"bookTicker","u":5605452803179,"s":"BTCUSDT","b":"67092.70","B":"18.106","a":"67092.80","A":"5.462","T":1729934171970,"E":1729934171970}
{"e":"bookTicker","u":5605452809502,"s":"BTCUSDT","b":"67092.70","B":"18.096","a":"67092.80","A":"5.462","T":1729934172094,"E":1729934172094}
{"e":"bookTicker","u":5605452809515,"s":"BTCUSDT","b":"67092.70","B":"18.076","a":"67092.80","A":"5.462","T":1729934172094,"E":1729934172094}
{"e":"bookTicker","u":5605452809519,"s":"BTCUSDT","b":"67092.70","B":"17.996","a":"67092.80","A":"5.462","T":1729934172094,"E":1729934172095}
{"e":"bookTicker","u":5605452809520,"s":"BTCUSDT","b":"67092.70","B":"17.956","a":"67092.80","A":"5.462","T":1729934172094,"E":1729934172095}
{"e":"bookTicker","u":5605452809956,"s":"BTCUSDT","b":"67092.70","B":"17.953","a":"67092.80","A":"5.462","T":1729934172096,"E":1729934172096}
{"e":"bookTicker","u":5605452810007,"s":"BTCUSDT","b":"67092.70","B":"17.963","a":"67092.80","A":"5.462","T":1729934172096,"E":1729934172097}
{"e":"bookTicker","u":5605452810013,"s":"BTCUSDT","b":"67092.70","B":"17.953","a":"67092.80","A":"5.462","T":1729934172096,"E":1729934172097}
{"e":"bookTicker","u":5605452810297,"s":"BTCUSDT","b":"67092.70","B":"17.953","a":"67092.80","A":"5.465","T":1729934172097,"E":1729934172098}
{"e":"bookTicker","u":5605452810384,"s":"BTCUSDT","b":"67092.70","B":"17.953","a":"67092.80","A":"5.763","T":1729934172098,"E":1729934172098}
{"e":"bookTicker","u":5605452810790,"s":"BTCUSDT","b":"67092.70","B":"17.949","a":"67092.80","A":"5.763","T":1729934172099,"E":1729934172099}
{"e":"bookTicker","u":5605452810837,"s":"BTCUSDT","b":"67092.70","B":"17.949","a":"67092.80","A":"5.465","T":1729934172099,"E":1729934172100}
{"e":"bookTicker","u":5605452812135,"s":"BTCUSDT","b":"67092.70","B":"17.953","a":"67092.80","A":"5.465","T":1729934172105,"E":1729934172105}
{"e":"bookTicker","u":5605452813430,"s":"BTCUSDT","b":"67092.70","B":"17.963","a":"67092.80","A":"5.465","T":1729934172114,"E":1729934172114}
{"e":"bookTicker","u":5605452813686,"s":"BTCUSDT","b":"67092.70","B":"18.003","a":"67092.80","A":"5.465","T":1729934172117,"E":1729934172117}
{"e":"bookTicker","u":5605452813689,"s":"BTCUSDT","b":"67092.70","B":"18.043","a":"67092.80","A":"5.465","T":1729934172117,"E":1729934172117}
{"e":"bookTicker","u":5605452813693,"s":"BTCUSDT","b":"67092.70","B":"18.003","a":"67092.80","A":"5.465","T":1729934172117,"E":1729934172117}
{"e":"bookTicker","u":5605452813697,"s":"BTCUSDT","b":"67092.70","B":"17.963","a":"67092.80","A":"5.465","T":1729934172117,"E":1729934172117}
{"e":"bookTicker","u":5605452814327,"s":"BTCUSDT","b":"67092.70","B":"17.953","a":"67092.80","A":"5.465","T":1729934172127,"E":1729934172127}
{"e":"bookTicker","u":5605452814486,"s":"BTCUSDT","b":"67092.70","B":"17.963","a":"67092.80","A":"5.465","T":1729934172130,"E":1729934172130}
{"e":"bookTicker","u":5605452814587,"s":"BTCUSDT","b":"67092.70","B":"17.963","a":"67092.80","A":"5.467","T":1729934172132,"E":1729934172132}
{"e":"bookTicker","u":5605452815002,"s":"BTCUSDT","b":"67092.70","B":"17.963","a":"67092.80","A":"5.361","T":1729934172140,"E":1729934172140}
{"e":"bookTicker","u":5605452815133,"s":"BTCUSDT","b":"67092.70","B":"17.963","a":"67092.80","A":"5.468","T":1729934172143,"E":1729934172143}
{"e":"bookTicker","u":5605452815708,"s":"BTCUSDT","b":"67092.70","B":"17.827","a":"67092.80","A":"5.468","T":1729934172155,"E":1729934172155}
{"e":"bookTicker","u":5605452816176,"s":"BTCUSDT","b":"67092.70","B":"17.962","a":"67092.80","A":"5.468","T":1729934172162,"E":1729934172162}
{"e":"bookTicker","u":5605452816273,"s":"BTCUSDT","b":"67092.70","B":"17.862","a":"67092.80","A":"5.468","T":1729934172163,"E":1729934172164}
{"e":"bookTicker","u":5605452816480,"s":"BTCUSDT","b":"67092.70","B":"17.963","a":"67092.80","A":"5.468","T":1729934172167,"E":1729934172168}
{"e":"bookTicker","u":5605452818383,"s":"BTCUSDT","b":"67092.70","B":"18.003","a":"67092.80","A":"5.468","T":1729934172203,"E":1729934172203}
{"e":"bookTicker","u":5605452818394,"s":"BTCUSDT","b":"67092.70","B":"18.083","a":"67092.80","A":"5.468","T":1729934172203,"E":1729934172204}
{"e":"bookTicker","u":5605452818402,"s":"BTCUSDT","b":"67092.70","B":"18.163","a":"67092.80","A":"5.468","T":1729934172204,"E":1729934172204}
{"e":"bookTicker","u":5605452820189,"s":"BTCUSDT","b":"67092.70","B":"17.942","a":"67092.80","A":"5.468","T":1729934172245,"E":1729934172245}
{"e":"bookTicker","u":5605452820402,"s":"BTCUSDT","b":"67092.70","B":"18.171","a":"67092.80","A":"5.468","T":1729934172250,"E":1729934172250}
{"e":"bookTicker","u":5605452821637,"s":"BTCUSDT","b":"67092.70","B":"18.131","a":"67092.80","A":"5.468","T":1729934172268,"E":1729934172268}
{"e":"bookTicker","u":5605452821639,"s":"BTCUSDT","b":"67092.70","B":"18.051","a":"67092.80","A":"5.468","T":1729934172268,"E":1729934172268}
{"e":"bookTicker","u":5605452821643,"s":"BTCUSDT","b":"67092.70","B":"18.041","a":"67092.80","A":"5.468","T":1729934172268,"E":1729934172268}
{"e":"bookTicker","u":5605452821644,"s":"BTCUSDT","b":"67092.70","B":"17.961","a":"67092.80","A":"5.468","T":1729934172268,"E":1729934172268}
{"e":"bookTicker","u":5605452821739,"s":"BTCUSDT","b":"67092.70","B":"17.961","a":"67092.80","A":"5.766","T":1729934172269,"E":1729934172269}
{"e":"bookTicker","u":5605452821968,"s":"BTCUSDT","b":"67092.70","B":"17.961","a":"67092.80","A":"5.468","T":1729934172271,"E":1729934172271}
{"e":"bookTicker","u":5605452822019,"s":"BTCUSDT","b":"67092.70","B":"18.001","a":"67092.80","A":"5.468","T":1729934172271,"E":1729934172271}
{"e":"bookTicker","u":5605452822032,"s":"BTCUSDT","b":"67092.70","B":"18.041","a":"67092.80","A":"5.468","T":1729934172271,"E":1729934172272}
{"e":"bookTicker","u":5605452822051,"s":"BTCUSDT","b":"67092.70","B":"18.061","a":"67092.80","A":"5.468","T":1729934172272,"E":1729934172272}
{"e":"bookTicker","u":5605452822069,"s":"BTCUSDT","b":"67092.70","B":"18.141","a":"67092.80","A":"5.468","T":1729934172272,"E":1729934172272}
{"e":"bookTicker","u":5605452824622,"s":"BTCUSDT","b":"67092.70","B":"18.141","a":"67092.80","A":"4.727","T":1729934172314,"E":1729934172314}
{"e":"bookTicker","u":5605452824708,"s":"BTCUSDT","b":"67092.70","B":"18.141","a":"67092.80","A":"4.481","T":1729934172315,"E":1729934172315}
{"e":"bookTicker","u":5605452824711,"s":"BTCUSDT","b":"67092.70","B":"18.141","a":"67092.80","A":"3.771","T":1729934172315,"E":1729934172315}
{"e":"bookTicker","u":5605452824713,"s":"BTCUSDT","b":"67092.70","B":"18.141","a":"67092.80","A":"3.234","T":1729934172315,"E":1729934172315}
{"e":"bookTicker","u":5605452824730,"s":"BTCUSDT","b":"67092.70","B":"18.061","a":"67092.80","A":"3.234","T":1729934172315,"E":1729934172315}
{"e":"bookTicker","u":5605452824841,"s":"BTCUSDT","b":"67092.70","B":"18.061","a":"67092.80","A":"1.674","T":1729934172316,"E":1729934172316}
{"e":"bookTicker","u":5605452824958,"s":"BTCUSDT","b":"67092.70","B":"18.061","a":"67092.80","A":"1.649","T":1729934172317,"E":1729934172317}
{"e":"bookTicker","u":5605452824959,"s":"BTCUSDT","b":"67092.70","B":"18.061","a":"67092.80","A":"1.623","T":1729934172317,"E":1729934172317}
{"e":"bookTicker","u":5605452824960,"s":"BTCUSDT","b":"67092.70","B":"18.061","a":"67092.80","A":"1.600","T":1729934172317,"E":1729934172317}
{"e":"bookTicker","u":5605452824965,"s":"BTCUSDT","b":"67092.70","B":"18.061","a":"67092.80","A":"1.575","T":1729934172317,"E":1729934172317}
{"e":"bookTicker","u":5605452824971,"s":"BTCUSDT","b":"67092.70","B":"18.061","a":"67092.80","A":"1.550","T":1729934172317,"E":1729934172317}
{"e":"bookTicker","u":5605452825029,"s":"BTCUSDT","b":"67092.70","B":"18.061","a":"67092.80","A":"1.532","T":1729934172318,"E":1729934172318}
{"e":"bookTicker","u":5605452825246,"s":"BTCUSDT","b":"67092.70","B":"18.061","a":"67092.80","A":"3.092","T":1729934172319,"E":1729934172319}
{"e":"bookTicker","u":5605452825260,"s":"BTCUSDT","b":"67092.70","B":"18.061","a":"67092.80","A":"1.532","T":1729934172319,"E":1729934172319}
{"e":"bookTicker","u":5605452825286,"s":"BTCUSDT","b":"67092.70","B":"18.061","a":"67092.80","A":"1.529","T":1729934172319,"E":1729934172320}
{"e":"bookTicker","u":5605452825545,"s":"BTCUSDT","b":"67092.70","B":"18.061","a":"67092.80","A":"2.270","T":1729934172321,"E":1729934172322}
{"e":"bookTicker","u":5605452825548,"s":"BTCUSDT","b":"67092.70","B":"18.061","a":"67092.80","A":"2.516","T":1729934172321,"E":1729934172322}
{"e":"bookTicker","u":5605452825575,"s":"BTCUSDT","b":"67092.70","B":"18.061","a":"67092.80","A":"1.775","T":1729934172322,"E":1729934172322}
{"e":"bookTicker","u":5605452825583,"s":"BTCUSDT","b":"67092.70","B":"18.061","a":"67092.80","A":"1.529","T":1729934172322,"E":1729934172322}
{"e":"bookTicker","u":5605452825843,"s":"BTCUSDT","b":"67092.70","B":"18.061","a":"67092.80","A":"2.270","T":1729934172324,"E":1729934172324}
{"e":"bookTicker","u":5605452825877,"s":"BTCUSDT","b":"67092.70","B":"18.061","a":"67092.80","A":"3.830","T":1729934172324,"E":1729934172324}
{"e":"bookTicker","u":5605452825931,"s":"BTCUSDT","b":"67092.70","B":"18.061","a":"67092.80","A":"2.270","T":1729934172325,"E":1729934172325}
{"e":"bookTicker","u":5605452826103,"s":"BTCUSDT","b":"67092.70","B":"18.061","a":"67092.80","A":"2.516","T":1729934172327,"E":1729934172327}
{"e":"bookTicker","u":5605452826127,"s":"BTCUSDT","b":"67092.70","B":"18.061","a":"67092.80","A":"2.270","T":1729934172327,"E":1729934172328}
{"e":"bookTicker","u":5605452826140,"s":"BTCUSDT","b":"67092.70","B":"18.061","a":"67092.80","A":"3.830","T":1729934172328,"E":1729934172328}
{"e":"bookTicker","u":5605452826396,"s":"BTCUSDT","b":"67092.70","B":"18.061","a":"67092.80","A":"4.076","T":1729934172331,"E":1729934172331}
{"e":"bookTicker","u":5605452826474,"s":"BTCUSDT","b":"67092.70","B":"18.061","a":"67092.80","A":"4.613","T":1729934172332,"E":1729934172332}
{"e":"bookTicker","u":5605452826528,"s":"BTCUSDT","b":"67092.70","B":"18.061","a":"67092.80","A":"5.323","T":1729934172333,"E":1729934172333}
{"e":"bookTicker","u":5605452826726,"s":"BTCUSDT","b":"67092.70","B":"18.061","a":"67092.80","A":"5.326","T":1729934172335,"E":1729934172335}
{"e":"bookTicker","u":5605452827011,"s":"BTCUSDT","b":"67092.70","B":"18.021","a":"67092.80","A":"5.326","T":1729934172339,"E":1729934172339}
{"e":"bookTicker","u":5605452827014,"s":"BTCUSDT","b":"67092.70","B":"17.981","a":"67092.80","A":"5.326","T":1729934172339,"E":1729934172339}
{"e":"bookTicker","u":5605452827037,"s":"BTCUSDT","b":"67092.70","B":"17.961","a":"67092.80","A":"5.326","T":1729934172339,"E":1729934172339}
{"e":"bookTicker","u":5605452827287,"s":"BTCUSDT","b":"67092.70","B":"17.981","a":"67092.80","A":"5.326","T":1729934172342,"E":1729934172342}
{"e":"bookTicker","u":5605452827315,"s":"BTCUSDT","b":"67092.70","B":"18.001","a":"67092.80","A":"5.326","T":1729934172343,"E":1729934172343}
{"e":"bookTicker","u":5605452828066,"s":"BTCUSDT","b":"67092.70","B":"17.913","a":"67092.80","A":"5.326","T":1729934172355,"E":1729934172356}
{"e":"bookTicker","u":5605452828286,"s":"BTCUSDT","b":"67092.70","B":"18.002","a":"67092.80","A":"5.326","T":1729934172359,"E":1729934172359}
{"e":"bookTicker","u":5605452830650,"s":"BTCUSDT","b":"67092.70","B":"18.002","a":"67092.80","A":"5.348","T":1729934172400,"E":1729934172400}
{"e":"bookTicker","u":5605452830652,"s":"BTCUSDT","b":"67092.70","B":"18.002","a":"67092.80","A":"5.374","T":1729934172400,"E":1729934172400}
{"e":"bookTicker","u":5605452830658,"s":"BTCUSDT","b":"67092.70","B":"18.002","a":"67092.80","A":"5.400","T":1729934172400,"E":1729934172400}
{"e":"bookTicker","u":5605452830660,"s":"BTCUSDT","b":"67092.70","B":"18.002","a":"67092.80","A":"5.423","T":1729934172400,"E":1729934172400}
{"e":"bookTicker","u":5605452830681,"s":"BTCUSDT","b":"67092.70","B":"18.002","a":"67092.80","A":"5.446","T":1729934172401,"E":1729934172401}
{"e":"bookTicker","u":5605452832289,"s":"BTCUSDT","b":"67092.70","B":"17.998","a":"67092.80","A":"5.446","T":1729934172435,"E":1729934172435}
{"e":"bookTicker","u":5605452832418,"s":"BTCUSDT","b":"67092.70","B":"18.002","a":"67092.80","A":"5.446","T":1729934172440,"E":1729934172440}
{"e":"bookTicker","u":5605452832503,"s":"BTCUSDT","b":"67092.70","B":"17.981","a":"67092.80","A":"5.446","T":1729934172443,"E":1729934172443}
{"e":"bookTicker","u":5605452832619,"s":"BTCUSDT","b":"67092.70","B":"18.003","a":"67092.80","A":"5.446","T":1729934172446,"E":1729934172446}
{"e":"bookTicker","u":5605452834397,"s":"BTCUSDT","b":"67092.70","B":"18.003","a":"67092.80","A":"4.736","T":1729934172495,"E":1729934172495}
{"e":"bookTicker","u":5605452834399,"s":"BTCUSDT","b":"67092.70","B":"18.003","a":"67092.80","A":"4.490","T":1729934172495,"E":1729934172495}
{"e":"bookTicker","u":5605452834673,"s":"BTCUSDT","b":"67092.70","B":"18.003","a":"67092.80","A":"4.487","T":1729934172501,"E":1729934172501}
{"e":"bookTicker","u":5605452835437,"s":"BTCUSDT","b":"67092.70","B":"17.972","a":"67092.80","A":"4.487","T":1729934172516,"E":1729934172516}
{"e":"bookTicker","u":5605452835573,"s":"BTCUSDT","b":"67092.70","B":"18.005","a":"67092.80","A":"4.487","T":1729934172520,"E":1729934172520}
{"e":"bookTicker","u":5605452839587,"s":"BTCUSDT","b":"67092.70","B":"18.005","a":"67092.80","A":"4.485","T":1729934172637,"E":1729934172637}
{"e":"bookTicker","u":5605452839594,"s":"BTCUSDT","b":"67092.70","B":"17.987","a":"67092.80","A":"4.485","T":1729934172637,"E":1729934172637}
{"e":"bookTicker","u":5605452839662,"s":"BTCUSDT","b":"67092.70","B":"17.987","a":"67092.80","A":"3.744","T":1729934172639,"E":1729934172640}
{"e":"bookTicker","u":5605452839761,"s":"BTCUSDT","b":"67092.70","B":"18.004","a":"67092.80","A":"3.744","T":1729934172641,"E":1729934172642}
{"e":"bookTicker","u":5605452839803,"s":"BTCUSDT","b":"67092.70","B":"18.004","a":"67092.80","A":"3.718","T":1729934172643,"E":1729934172643}
{"e":"bookTicker","u":5605452840357,"s":"BTCUSDT","b":"67092.70","B":"18.004","a":"67092.80","A":"3.181","T":1729934172660,"E":1729934172660}
{"e":"bookTicker","u":5605452840449,"s":"BTCUSDT","b":"67092.70","B":"18.004","a":"67092.80","A":"3.155","T":1729934172662,"E":1729934172662}
{"e":"bookTicker","u":5605452840460,"s":"BTCUSDT","b":"67092.70","B":"18.004","a":"67092.80","A":"3.132","T":1729934172662,"E":1729934172662}
{"e":"bookTicker","u":5605452840463,"s":"BTCUSDT","b":"67092.70","B":"18.004","a":"67092.80","A":"3.110","T":1729934172662,"E":1729934172662}
{"e":"bookTicker","u":5605452840466,"s":"BTCUSDT","b":"67092.70","B":"18.004","a":"67092.80","A":"3.087","T":1729934172662,"E":1729934172662}
{"e":"bookTicker","u":5605452840623,"s":"BTCUSDT","b":"67092.70","B":"18.004","a":"67092.80","A":"3.089","T":1729934172665,"E":1729934172665}
{"e":"bookTicker","u":5605452840650,"s":"BTCUSDT","b":"67092.70","B":"18.004","a":"67092.80","A":"1.529","T":1729934172666,"E":1729934172666}
{"e":"bookTicker","u":5605452842170,"s":"BTCUSDT","b":"67092.70","B":"17.998","a":"67092.80","A":"1.529","T":1729934172704,"E":1729934172704}
{"e":"bookTicker","u":5605452842232,"s":"BTCUSDT","b":"67092.70","B":"18.038","a":"67092.80","A":"1.529","T":1729934172705,"E":1729934172705}
{"e":"bookTicker","u":5605452842730,"s":"BTCUSDT","b":"67092.70","B":"18.044","a":"67092.80","A":"1.529","T":1729934172714,"E":1729934172714}
{"e":"bookTicker","u":5605452843692,"s":"BTCUSDT","b":"67092.70","B":"17.909","a":"67092.80","A":"1.529","T":1729934172740,"E":1729934172740}
{"e":"bookTicker","u":5605452843836,"s":"BTCUSDT","b":"67092.70","B":"18.045","a":"67092.80","A":"1.529","T":1729934172744,"E":1729934172744}
{"e":"bookTicker","u":5605452844698,"s":"BTCUSDT","b":"67092.70","B":"18.045","a":"67092.80","A":"1.500","T":1729934172772,"E":1729934172772}
{"e":"bookTicker","u":5605452846192,"s":"BTCUSDT","b":"67092.70","B":"18.048","a":"67092.80","A":"1.500","T":1729934172798,"E":1729934172799}
{"e":"bookTicker","u":5605452849098,"s":"BTCUSDT","b":"67092.70","B":"18.045","a":"67092.80","A":"1.500","T":1729934172881,"E":1729934172881}
{"e":"bookTicker","u":5605452851250,"s":"BTCUSDT","b":"67092.70","B":"18.046","a":"67092.80","A":"1.500","T":1729934172916,"E":1729934172916}
{"e":"bookTicker","u":5605452856266,"s":"BTCUSDT","b":"67092.70","B":"18.046","a":"67092.80","A":"3.060","T":1729934173055,"E":1729934173055}
{"e":"bookTicker","u":5605452856313,"s":"BTCUSDT","b":"67092.70","B":"18.046","a":"67092.80","A":"3.084","T":1729934173056,"E":1729934173056}
{"e":"bookTicker","u":5605452856318,"s":"BTCUSDT","b":"67092.70","B":"18.046","a":"67092.80","A":"3.106","T":1729934173056,"E":1729934173056}
{"e":"bookTicker","u":5605452856320,"s":"BTCUSDT","b":"67092.70","B":"18.046","a":"67092.80","A":"3.132","T":1729934173056,"E":1729934173056}
{"e":"bookTicker","u":5605452856321,"s":"BTCUSDT","b":"67092.70","B":"18.046","a":"67092.80","A":"3.155","T":1729934173056,"E":1729934173057}
{"e":"bookTicker","u":5605452856322,"s":"BTCUSDT","b":"67092.70","B":"18.046","a":"67092.80","A":"3.180","T":1729934173056,"E":1729934173057}
{"e":"bookTicker","u":5605452856342,"s":"BTCUSDT","b":"67092.70","B":"18.046","a":"67092.80","A":"3.426","T":1729934173057,"E":1729934173057}
{"e":"bookTicker","u":5605452856343,"s":"BTCUSDT","b":"67092.70","B":"18.046","a":"67092.80","A":"3.963","T":1729934173057,"E":1729934173057}
{"e":"bookTicker","u":5605452856353,"s":"BTCUSDT","b":"67092.70","B":"18.046","a":"67092.80","A":"4.673","T":1729934173057,"E":1729934173057}
{"e":"bookTicker","u":5605452856363,"s":"BTCUSDT","b":"67092.70","B":"18.046","a":"67092.80","A":"5.414","T":1729934173057,"E":1729934173058}
{"e":"bookTicker","u":5605452856390,"s":"BTCUSDT","b":"67092.70","B":"18.006","a":"67092.80","A":"5.414","T":1729934173058,"E":1729934173058}
{"e":"bookTicker","u":5605452856394,"s":"BTCUSDT","b":"67092.70","B":"17.986","a":"67092.80","A":"5.414","T":1729934173058,"E":1729934173058}
{"e":"bookTicker","u":5605452856396,"s":"BTCUSDT","b":"67092.70","B":"17.986","a":"67092.80","A":"5.168","T":1729934173058,"E":1729934173058}
{"e":"bookTicker","u":5605452856397,"s":"BTCUSDT","b":"67092.70","B":"17.966","a":"67092.80","A":"5.168","T":1729934173058,"E":1729934173058}
{"e":"bookTicker","u":5605452856398,"s":"BTCUSDT","b":"67092.70","B":"17.966","a":"67092.80","A":"4.427","T":1729934173058,"E":1729934173058}
{"e":"bookTicker","u":5605452856450,"s":"BTCUSDT","b":"67092.70","B":"17.966","a":"67092.80","A":"3.717","T":1729934173059,"E":1729934173059}
{"e":"bookTicker","u":5605452856477,"s":"BTCUSDT","b":"67092.70","B":"17.976","a":"67092.80","A":"3.717","T":1729934173060,"E":1729934173060}
{"e":"bookTicker","u":5605452856521,"s":"BTCUSDT","b":"67092.70","B":"17.966","a":"67092.80","A":"3.717","T":1729934173060,"E":1729934173060}
{"e":"bookTicker","u":5605452856566,"s":"BTCUSDT","b":"67092.70","B":"17.966","a":"67092.80","A":"3.180","T":1729934173061,"E":1729934173061}
{"e":"bookTicker","u":5605452856581,"s":"BTCUSDT","b":"67092.70","B":"17.966","a":"67092.80","A":"3.183","T":1729934173061,"E":1729934173061}
{"e":"bookTicker","u":5605452856596,"s":"BTCUSDT","b":"67092.70","B":"17.996","a":"67092.80","A":"3.183","T":1729934173061,"E":1729934173061}
{"e":"bookTicker","u":5605452856600,"s":"BTCUSDT","b":"67092.70","B":"18.016","a":"67092.80","A":"3.183","T":1729934173061,"E":1729934173061}
{"e":"bookTicker","u":5605452856646,"s":"BTCUSDT","b":"67092.70","B":"18.012","a":"67092.80","A":"3.183","T":1729934173062,"E":1729934173062}
{"e":"bookTicker","u":5605452856705,"s":"BTCUSDT","b":"67092.70","B":"17.992","a":"67092.80","A":"3.183","T":1729934173063,"E":1729934173063}
{"e":"bookTicker","u":5605452856709,"s":"BTCUSDT","b":"67092.70","B":"17.962","a":"67092.80","A":"3.183","T":1729934173063,"E":1729934173063}
{"e":"bookTicker","u":5605452856710,"s":"BTCUSDT","b":"67092.70","B":"18.002","a":"67092.80","A":"3.183","T":1729934173063,"E":1729934173063}
{"e":"bookTicker","u":5605452856717,"s":"BTCUSDT","b":"67092.70","B":"17.962","a":"67092.80","A":"3.183","T":1729934173063,"E":1729934173063}
{"e":"bookTicker","u":5605452856813,"s":"BTCUSDT","b":"67092.70","B":"18.002","a":"67092.80","A":"3.183","T":1729934173065,"E":1729934173065}
{"e":"bookTicker","u":5605452856817,"s":"BTCUSDT","b":"67092.70","B":"18.042","a":"67092.80","A":"3.183","T":1729934173065,"E":1729934173065}
{"e":"bookTicker","u":5605452856847,"s":"BTCUSDT","b":"67092.70","B":"18.082","a":"67092.80","A":"3.183","T":1729934173066,"E":1729934173066}
{"e":"bookTicker","u":5605452856877,"s":"BTCUSDT","b":"67092.70","B":"18.082","a":"67092.80","A":"3.180","T":1729934173066,"E":1729934173066}
{"e":"bookTicker","u":5605452856913,"s":"BTCUSDT","b":"67092.70","B":"18.086","a":"67092.80","A":"3.180","T":1729934173067,"E":1729934173067}
{"e":"bookTicker","u":5605452858206,"s":"BTCUSDT","b":"67092.70","B":"18.046","a":"67092.80","A":"3.180","T":1729934173102,"E":1729934173102}
{"e":"bookTicker","u":5605452858210,"s":"BTCUSDT","b":"67092.70","B":"18.006","a":"67092.80","A":"3.180","T":1729934173102,"E":1729934173102}
{"e":"bookTicker","u":5605452858225,"s":"BTCUSDT","b":"67092.70","B":"17.966","a":"67092.80","A":"3.180","T":1729934173102,"E":1729934173102}
{"e":"bookTicker","u":5605452858683,"s":"BTCUSDT","b":"67092.70","B":"17.966","a":"67092.80","A":"3.890","T":1729934173111,"E":1729934173112}
{"e":"bookTicker","u":5605452858684,"s":"BTCUSDT","b":"67092.70","B":"17.966","a":"67092.80","A":"4.427","T":1729934173111,"E":1729934173112}
{"e":"bookTicker","u":5605452858795,"s":"BTCUSDT","b":"67092.70","B":"17.966","a":"67092.80","A":"3.717","T":1729934173114,"E":1729934173114}
{"e":"bookTicker","u":5605452858839,"s":"BTCUSDT","b":"67092.70","B":"17.966","a":"67092.80","A":"4.458","T":1729934173114,"E":1729934173114}
{"e":"bookTicker","u":5605452858991,"s":"BTCUSDT","b":"67092.70","B":"17.966","a":"67092.80","A":"3.717","T":1729934173116,"E":1729934173116}
{"e":"bookTicker","u":5605452858996,"s":"BTCUSDT","b":"67092.70","B":"17.966","a":"67092.80","A":"4.427","T":1729934173116,"E":1729934173116}
{"e":"bookTicker","u":5605452859001,"s":"BTCUSDT","b":"67092.70","B":"17.962","a":"67092.80","A":"4.427","T":1729934173116,"E":1729934173116}
{"e":"bookTicker","u":5605452859105,"s":"BTCUSDT","b":"67092.70","B":"17.962","a":"67092.80","A":"5.168","T":1729934173118,"E":1729934173118}
{"e":"bookTicker","u":5605452859106,"s":"BTCUSDT","b":"67092.70","B":"17.962","a":"67092.80","A":"4.427","T":1729934173118,"E":1729934173118}
{"e":"bookTicker","u":5605452859256,"s":"BTCUSDT","b":"67092.70","B":"17.962","a":"67092.80","A":"3.717","T":1729934173120,"E":1729934173120}
{"e":"bookTicker","u":5605452859325,"s":"BTCUSDT","b":"67092.70","B":"17.962","a":"67092.80","A":"3.720","T":1729934173121,"E":1729934173121}
{"e":"bookTicker","u":5605452859379,"s":"BTCUSDT","b":"67092.70","B":"17.962","a":"67092.80","A":"4.900","T":1729934173122,"E":1729934173122}
{"e":"bookTicker","u":5605452859514,"s":"BTCUSDT","b":"67092.70","B":"17.962","a":"67092.80","A":"4.897","T":1729934173125,"E":1729934173125}
{"e":"bookTicker","u":5605452859578,"s":"BTCUSDT","b":"67092.70","B":"17.962","a":"67092.80","A":"4.900","T":1729934173126,"E":1729934173126}
{"e":"bookTicker","u":5605452859775,"s":"BTCUSDT","b":"67092.70","B":"17.962","a":"67092.80","A":"4.897","T":1729934173130,"E":1729934173130}
{"e":"bookTicker","u":5605452859802,"s":"BTCUSDT","b":"67092.70","B":"17.962","a":"67092.80","A":"4.900","T":1729934173131,"E":1729934173131}
{"e":"bookTicker","u":5605452860346,"s":"BTCUSDT","b":"67092.70","B":"17.962","a":"67092.80","A":"4.793","T":1729934173147,"E":1729934173148}
{"e":"bookTicker","u":5605452860377,"s":"BTCUSDT","b":"67092.70","B":"17.962","a":"67092.80","A":"4.790","T":1729934173148,"E":1729934173148}
{"e":"bookTicker","u":5605452860495,"s":"BTCUSDT","b":"67092.70","B":"17.962","a":"67092.80","A":"4.898","T":1729934173150,"E":1729934173151}
{"e":"bookTicker","u":5605452860740,"s":"BTCUSDT","b":"67092.70","B":"17.972","a":"67092.80","A":"4.898","T":1729934173153,"E":1729934173153}
{"e":"bookTicker","u":5605452860798,"s":"BTCUSDT","b":"67092.70","B":"17.962","a":"67092.80","A":"4.898","T":1729934173154,"E":1729934173154}
{"e":"bookTicker","u":5605452861457,"s":"BTCUSDT","b":"67092.70","B":"17.962","a":"67092.80","A":"4.901","T":1729934173167,"E":1729934173167}
{"e":"bookTicker","u":5605452861556,"s":"BTCUSDT","b":"67092.70","B":"17.972","a":"67092.80","A":"4.901","T":1729934173169,"E":1729934173169}
{"e":"bookTicker","u":5605452861627,"s":"BTCUSDT","b":"67092.70","B":"17.962","a":"67092.80","A":"4.901","T":1729934173171,"E":1729934173171}
{"e":"bookTicker","u":5605452862924,"s":"BTCUSDT","b":"67092.70","B":"17.962","a":"67092.80","A":"4.898","T":1729934173197,"E":1729934173198}
{"e":"bookTicker","u":5605452863218,"s":"BTCUSDT","b":"67092.70","B":"17.982","a":"67092.80","A":"4.898","T":1729934173203,"E":1729934173203}
{"e":"bookTicker","u":5605452863220,"s":"BTCUSDT","b":"67092.70","B":"17.992","a":"67092.80","A":"4.898","T":1729934173204,"E":1729934173204}
{"e":"bookTicker","u":5605452865411,"s":"BTCUSDT","b":"67092.70","B":"17.992","a":"67092.80","A":"3.299","T":1729934173244,"E":1729934173244}
{"e":"bookTicker","u":5605452865543,"s":"BTCUSDT","b":"67092.70","B":"17.992","a":"67092.80","A":"2.762","T":1729934173246,"E":1729934173246}
{"e":"bookTicker","u":5605452865551,"s":"BTCUSDT","b":"67092.70","B":"17.992","a":"67092.80","A":"1.408","T":1729934173246,"E":1729934173246}
{"e":"bookTicker","u":5605452865552,"s":"BTCUSDT","b":"67092.70","B":"17.992","a":"67092.80","A":"1.410","T":1729934173246,"E":1729934173246}
{"e":"bookTicker","u":5605452865590,"s":"BTCUSDT","b":"67092.70","B":"17.992","a":"67092.80","A":"1.385","T":1729934173246,"E":1729934173247}
{"e":"bookTicker","u":5605452865593,"s":"BTCUSDT","b":"67092.70","B":"17.992","a":"67092.80","A":"1.362","T":1729934173246,"E":1729934173247}
{"e":"bookTicker","u":5605452865598,"s":"BTCUSDT","b":"67092.70","B":"17.992","a":"67092.80","A":"1.340","T":1729934173246,"E":1729934173247}
{"e":"bookTicker","u":5605452865609,"s":"BTCUSDT","b":"67092.70","B":"17.992","a":"67092.80","A":"1.316","T":1729934173246,"E":1729934173247}
{"e":"bookTicker","u":5605452865612,"s":"BTCUSDT","b":"67092.70","B":"17.992","a":"67092.80","A":"1.290","T":1729934173246,"E":1729934173247}
{"e":"bookTicker","u":5605452865663,"s":"BTCUSDT","b":"67092.70","B":"17.992","a":"67092.80","A":"1.292","T":1729934173247,"E":1729934173247}
{"e":"bookTicker","u":5605452865927,"s":"BTCUSDT","b":"67092.70","B":"17.852","a":"67092.80","A":"1.292","T":1729934173248,"E":1729934173248}
{"e":"bookTicker","u":5605452865966,"s":"BTCUSDT","b":"67092.70","B":"17.852","a":"67092.80","A":"1.432","T":1729934173248,"E":1729934173248}
{"e":"bookTicker","u":5605452865997,"s":"BTCUSDT","b":"67092.70","B":"17.892","a":"67092.80","A":"1.432","T":1729934173248,"E":1729934173248}
{"e":"bookTicker","u":5605452866103,"s":"BTCUSDT","b":"67092.70","B":"17.892","a":"67092.80","A":"0.252","T":1729934173249,"E":1729934173249}
{"e":"bookTicker","u":5605452866300,"s":"BTCUSDT","b":"67092.70","B":"17.892","a":"67092.80","A":"0.112","T":1729934173250,"E":1729934173250}
{"e":"bookTicker","u":5605452866338,"s":"BTCUSDT","b":"67092.70","B":"17.895","a":"67092.80","A":"0.112","T":1729934173250,"E":1729934173250}
{"e":"bookTicker","u":5605452866897,"s":"BTCUSDT","b":"67092.70","B":"17.899","a":"67092.80","A":"0.112","T":1729934173254,"E":1729934173254}
{"e":"bookTicker","u":5605452866901,"s":"BTCUSDT","b":"67092.70","B":"17.670","a":"67092.80","A":"0.112","T":1729934173254,"E":1729934173254}
{"e":"bookTicker","u":5605452867053,"s":"BTCUSDT","b":"67092.70","B":"17.674","a":"67092.80","A":"0.112","T":1729934173255,"E":1729934173255}
{"e":"bookTicker","u":5605452867062,"s":"BTCUSDT","b":"67092.70","B":"17.678","a":"67092.80","A":"0.112","T":1729934173255,"E":1729934173255}
{"e":"bookTicker","u":5605452867745,"s":"BTCUSDT","b":"67092.70","B":"17.818","a":"67092.80","A":"0.112","T":1729934173258,"E":1729934173258}
{"e":"bookTicker","u":5605452867760,"s":"BTCUSDT","b":"67092.70","B":"18.046","a":"67092.80","A":"0.112","T":1729934173258,"E":1729934173258}
{"e":"bookTicker","u":5605452867832,"s":"BTCUSDT","b":"67092.70","B":"18.049","a":"67092.80","A":"0.112","T":1729934173259,"E":1729934173259}
{"e":"bookTicker","u":5605452868449,"s":"BTCUSDT","b":"67092.70","B":"17.913","a":"67092.80","A":"0.112","T":1729934173264,"E":1729934173264}
{"e":"bookTicker","u":5605452869680,"s":"BTCUSDT","b":"67092.70","B":"18.050","a":"67092.80","A":"0.112","T":1729934173273,"E":1729934173273}
{"e":"bookTicker","u":5605452870063,"s":"BTCUSDT","b":"67092.70","B":"18.050","a":"67092.80","A":"0.853","T":1729934173276,"E":1729934173276}
{"e":"bookTicker","u":5605452870215,"s":"BTCUSDT","b":"67092.70","B":"18.050","a":"67092.80","A":"0.112","T":1729934173277,"E":1729934173277}
{"e":"bookTicker","u":5605452870232,"s":"BTCUSDT","b":"67092.70","B":"18.050","a":"67092.80","A":"1.672","T":1729934173277,"E":1729934173277}
{"e":"bookTicker","u":5605452870250,"s":"BTCUSDT","b":"67092.70","B":"18.050","a":"67092.80","A":"2.209","T":1729934173277,"E":1729934173277}
{"e":"bookTicker","u":5605452870324,"s":"BTCUSDT","b":"67092.70","B":"18.050","a":"67092.80","A":"2.919","T":1729934173278,"E":1729934173278}
{"e":"bookTicker","u":5605452870327,"s":"BTCUSDT","b":"67092.70","B":"18.050","a":"67092.80","A":"2.209","T":1729934173278,"E":1729934173278}
{"e":"bookTicker","u":5605452870500,"s":"BTCUSDT","b":"67092.70","B":"18.050","a":"67092.80","A":"2.360","T":1729934173279,"E":1729934173279}
{"e":"bookTicker","u":5605452870676,"s":"BTCUSDT","b":"67092.70","B":"18.050","a":"67092.80","A":"2.209","T":1729934173280,"E":1729934173280}
{"e":"bookTicker","u":5605452870679,"s":"BTCUSDT","b":"67092.70","B":"18.050","a":"67092.80","A":"2.950","T":1729934173280,"E":1729934173280}
{"e":"bookTicker","u":5605452870693,"s":"BTCUSDT","b":"67092.70","B":"18.050","a":"67092.80","A":"2.413","T":1729934173280,"E":1729934173280}
{"e":"bookTicker","u":5605452870696,"s":"BTCUSDT","b":"67092.70","B":"18.050","a":"67092.80","A":"1.672","T":1729934173280,"E":1729934173280}
{"e":"bookTicker","u":5605452870937,"s":"BTCUSDT","b":"67092.70","B":"18.050","a":"67092.80","A":"1.918","T":1729934173281,"E":1729934173281}
{"e":"bookTicker","u":5605452870949,"s":"BTCUSDT","b":"67092.70","B":"18.050","a":"67092.80","A":"2.628","T":1729934173281,"E":1729934173281}
{"e":"bookTicker","u":5605452870967,"s":"BTCUSDT","b":"67092.70","B":"18.047","a":"67092.80","A":"2.628","T":1729934173281,"E":1729934173281}
{"e":"bookTicker","u":5605452870992,"s":"BTCUSDT","b":"67092.70","B":"18.047","a":"67092.80","A":"1.918","T":1729934173281,"E":1729934173281}
{"e":"bookTicker","u":5605452871000,"s":"BTCUSDT","b":"67092.70","B":"18.047","a":"67092.80","A":"1.936","T":1729934173281,"E":1729934173281}
{"e":"bookTicker","u":5605452871015,"s":"BTCUSDT","b":"67092.70","B":"18.047","a":"67092.80","A":"1.690","T":1729934173281,"E":1729934173281}
